3068 5152
755 363 793 422 25

195 546 368 630 ‚Pasitigri’
390 568 507 612 nomen
531 553 628 624 esset,
653 545 794 625 Curtius,
818 548 896 631 quia
917 549 951 611 id
974 549 1169 612 uocabulum
1193 570 1233 613 ex
1255 549 1343 632 ‘pas’,

195 649 228 714 id
252 656 302 714 est
325 671 457 732 parona,
481 656 515 715 et
532 649 645 730 ‘tigris’
663 656 840 728 constaret,
864 651 891 714 si
915 650 1046 733 quidem
1070 651 1239 716 codicibus
1260 650 1344 717 fides

195 758 254 827 est,
278 753 312 846 in
335 773 441 817 accus.
461 772 537 816 casu
557 752 691 835 scripsit
704 751 947 834 PostuTipriu;
970 773 1168 837 quamquam
1191 755 1225 818 in
1248 753 1343 818 codd.

194 857 312 921 uitiose
344 861 394 920 est
418 854 521 919 ‘fasim
550 854 661 937 tigim’.
707 855 821 919 eadem
843 855 972 920 ratione
994 854 1077 920 Plin.
1101 855 1140 921 H.
1164 855 1203 920 N.
1231 858 1278 934 la,
1303 859 1343 920 78

195 957 265 1022 eod.
295 958 441 1040 rescript.
466 957 644 1022 Ueronens.
691 958 849 1021 ‘nascitur
883 957 972 1021 ultra
1002 957 1099 1040 phasi
1117 960 1126 1038 l
1144 959 1273 1040 tigrim’,
1307 958 1342 1023 id

195 1070 244 1125 est
275 1060 399 1140 phasim
432 1058 547 1141 tipriru.
593 1059 659 1124 ibd.
684 1059 727 1122 VI
752 1063 811 1123 134
834 1062 910 1143 ‘qua
932 1061 1033 1125 subiit
1056 1061 1097 1125 ad
1127 1083 1199 1153 eam
1228 1061 1344 1126 classis

193 1163 369 1228 Alexandri
382 1161 555 1244 Pasitigri’,
580 1162 635 1226 ubi
656 1161 753 1226 facile
776 1162 914 1226 similem
933 1164 964 1227 in
983 1164 1115 1229 modurn
1127 1185 1192 1228 uox
1205 1163 1343 1229 dissolui

194 1271 305 1350 potest
328 1272 361 1330 et
383 1264 523 1330 fortasse
546 1266 610 1328 iam
634 1265 667 1328 in
697 1264 863 1329 codicibus
894 1266 1102 1331 dissoluitur:
1138 1266 1219 1332 Posi
1242 1267 1347 1348 Tipri.

193 1369 272 1433 alibi
295 1366 385 1451 apud
409 1367 545 1431 Latinos
568 1368 746 1451 scriptores
769 1367 849 1432 illud
873 1367 1001 1447 flumen,
1025 1370 1112 1454 quod
1137 1370 1248 1447 sciam,
1277 1390 1342 1433 non

193 1476 476 1536 commemoratur.
492 1480 497 1492 '
1387 1540 1391 1546 ⁵

323 1579 350 1652 3,
377 1578 412 1638 16
437 1570 461 1633 Ρ
485 1572 730 1638 transcurrimus
752 1574 784 1637 in
805 1573 952 1656 perfecto
971 1581 1127 1656 tempore.
1161 1577 1239 1639 item
1251 1573 1345 1638 VIIII

195 1683 222 1756 1,
258 1681 276 1742 3
302 1679 524 1759 percurrisset.
582 1680 669 1762 apud
704 1675 852 1742 Curtium
893 1675 1077 1760 duplicatas
1118 1678 1239 1742 formas
1278 1698 1344 1742 non

192 1782 343 1858 inueniri,
373 1781 470 1846 docet
493 1782 663 1865 Zumptius
686 1781 718 1845 in
743 1780 792 1845 ed.
817 1780 891 1844 mai.
916 1801 947 1862 p.
970 1783 1042 1844 429.
1088 1779 1111 1842 P
1134 1787 1245 1844 tamen
1269 1800 1343 1843 cueu

194 1882 259 1947 IIII
282 1893 311 1960 4,
338 1888 351 1946 1
379 1903 411 1949 01
434 1884 527 1949 VIIII
550 1890 578 1960 2,
605 1890 652 1950 19.

320 1991 350 2065 4,
378 1992 415 2051 17
439 1987 534 2052 codd.
557 1995 647 2053 10010
669 1989 823 2069 mossyni,
856 1993 895 2051 ut
924 2005 1052 2069 semper
1074 1985 1142 2049 iere
1166 1984 1281 2048 Graeci
1312 1990 1346 2047 et

194 2087 302 2152 Latini
327 2091 456 2172 scriptt.
480 2090 697 2155 Freinshemii
720 2088 866 2174 ‘Mosyni’
895 2088 979 2153 falsa
1013 2090 1202 2153 coniectura
1224 2086 1343 2152 Tibull.

193 2189 256 2255 lllI
282 2197 308 2270 1,
335 2196 394 2255 146
417 2194 545 2257 intrusa
567 2194 693 2258 nititur.

321 2298 349 2372 6,
376 2298 415 2358 32
439 2295 462 2358 P
485 2296 698 2372 semustulati,
727 2317 790 2361 non
816 2295 1066 2360 ‘semiustulati’.
1113 2294 1152 2359 01.
1175 2298 1343 2358 semustas.

193 2398 342 2480 exempla
365 2398 516 2463 Tulliana
540 2398 672 2480 collegit
695 2399 816 2463 Baiter.
841 2398 893 2463 ad.
918 2395 982 2463 Cio.
1007 2397 1074 2461 Mil.
1098 2397 1177 2461 XIII
1202 2400 1251 2460 33.

380 2502 537 2566 33001111.
563 2507 807 2579 ortocouo,non
833 2501 1041 2567 ‘artaooana'.
1077 2500 1162 2564 idem
1183 2501 1343 2564 Ammian.
1391 2576 1395 2580 ι

1135 2611 1163 2642 80

192 2653 290 2719 Maro.
315 2654 423 2728 XXIII
448 2660 476 2734 6,
500 2660 541 2720 43
566 2657 636 2722 cod.
662 2657 769 2722 Uatio.
795 2643 922 2740 (fragm.
947 2657 1051 2722 Marb.
1076 2659 1235 2733 arteana.)

93 2758 96 2765 “
320 2762 348 2834 9,
374 2763 408 2820 at
437 2759 461 2822 Ρ
492 2761 631 2841 equitatu
664 2761 696 2823 in
732 2760 797 2827 dat.
823 2780 911 2825 casu.
956 2761 1035 2825 item
1059 2759 1118 2823 VII
1147 2764 1174 2834 7,
1199 2762 1219 2819 4
1244 2757 1343 2822 ‘cultu

192 2859 365 2943 disparia,
400 2862 457 2927 sed
487 2883 615 2945 semper
646 2864 801 2944 ‘receptui
830 2862 967 2941 canere’,
1001 2863 1086 2926 ‘usui
1120 2861 1210 2938 esse’,
1245 2860 1301 2924 ubi
1330 2861 1344 2923 e'

193 2961 354 3026 solemnis
378 2970 459 3027 erat.
586 3033 591 3037 ,

277 3065 337 3129 VII
359 3072 388 3146 4,
413 3070 448 3130 31
476 3066 570 3130 codd.
580 3070 785 3147 parapaniso.
822 3068 972 3132 similiter
992 3088 1018 3131 0.
1040 3072 1067 3144 3,
1091 3071 1109 3130 6
1134 3066 1343 3132 scribendum

183 3170 453 3248 porcpour'scdoe,
488 3170 544 3234 ubi
567 3170 660 3235 codd.
677 3172 961 3250 porcruertesideru.
1007 3171 1136 3235 namin
1160 3170 1210 3233 his
1233 3169 1344 3233 uerbis

190 3270 334 3335 litteram
358 3293 380 3335 u
402 3293 514 3342 ueram
538 3272 641 3338 solam
666 3295 746 3352 esse,
783 3274 896 3338 docuit
924 3280 992 3337 nos·
1007 3274 1046 3338 H.
1070 3273 1214 3354 Kiepert,
1244 3271 1343 3336 Lehr·

191 3374 277 3438 buch
301 3374 330 3439 d.
355 3374 411 3439 alt.
437 3373 555 3458 Geogr.
579 3398 609 3458 p.
635 3381 674 3440 59
698 3386 764 3440 not.
789 3383 818 3440 2.

239 3475 246 3484 ’
320 3479 347 3554 5,
371 3482 409 3539 21
436 3477 459 3540 P
483 3484 621 3556 coteueu,
645 3500 709 3544 non
729 3478 906 3545 ί0010110111.
941 3478 1024 3544 haee
1047 3480 1150 3543 omnis
1172 3499 1234 3558 res,
1258 3497 1344 3560 quae

191 3586 241 3644 est
270 3579 309 3644 de
337 3580 505 3644 nominum
534 3583 739 3662 propriorum
763 3584 851 3666 apud
875 3580 1023 3646 Curtium
1045 3579 1342 3657 terminationibus,

189 3683 255 3746 iam
279 3681 335 3746 diu
358 3683 435 3748 lima
458 3685 621 3748 editorum
644 3685 739 3749 nimis
763 3692 863 3749 caret.
905 3705 1004 3767 quam
1028 3685 1113 3748 enim
1136 3683 1207 3747 ueri
1231 3681 1343 3746 simili-

191 3785 338 3849 tudinem
368 3807 406 3850 eo
434 3787 657 3851 inconstantia
687 3788 797 3865 habet,
831 3808 896 3870 qua
918 3787 1026 3851 adhuc
1050 3785 1195 3850 Graecae
1219 3785 1343 3849 formae

192 3907 266 3951 cum
283 3887 409 3952 Latinis
428 3889 476 3953 ita
493 3891 678 3968 miscentur,
702 3898 739 3954 ut
756 3890 919 3954 interdum
938 3891 1001 3954 duo
1020 3891 1153 3954 nomina
1169 3891 1344 3953 coniuncta

191 3993 342 4073 quamuis
365 3991 508 4056 eiusdem
533 3995 638 4075 gentis
663 3994 868 4058 diuersarum
891 4000 1001 4058 tamen
1029 3992 1215 4075 linguarum
1244 3990 1343 4057 decli-

191 4094 289 4156 nandi
328 4094 473 4159 rationes
515 4097 718 4178 sequantur?
771 4097 884 4179 itaque
925 4097 1080 4179 quoniam
1113 4095 1162 4159 illi
1194 4095 1342 4160 homines

191 4195 378 4278 populique,-
402 4217 542 4279 quorum
560 4201 758 4263 mentionem
771 4197 904 4264 Curtius
922 4199 1009 4276 fecit,
1033 4207 1066 4263 et
1089 4220 1199 4264 omnes
1218 4197 1343 4262 externi

191 4304 224 4360 et
247 4318 396 4380 magnam
416 4305 541 4381 partem
564 4299 682 4365 Graeci
701 4309 777 4366 sunt
802 4310 901 4386 atque
920 4323 939 4366 a
959 4301 1158 4367 Graecorum
1177 4300 1342 4364 nominum

194 4398 411 4466 declinatione
446 4409 563 4480 cetera,
599 4425 682 4486 quae
717 4405 892 4468 maximam
927 4412 1053 4487 partem
1088 4403 1221 4468 Persica
1254 4409 1346 4483 sunt,

193 4523 257 4566 non
282 4505 506 4586 seiunguntur,
529 4506 593 4568 iam
616 4514 714 4571 antea
738 4509 901 4590 suspicari
924 4506 1027 4583 licuit,
1052 4528 1135 4583 eum,
1159 4507 1185 4570 si
1209 4504 1342 4589 quidem
