3068 5152
790 375 830 433 58

234 564 267 621 et
289 556 371 619 Bud.
391 561 424 620 et
441 554 541 620 Modii
564 554 740 620 membran.
765 562 898 621 seruata
921 565 981 636 est,
1004 559 1153 625 inlibris
1176 559 1386 644 Zumptianis

234 659 318 723 male
352 660 533 740 corrigitur.
578 680 718 744 namque
752 680 778 723 c.
813 665 860 738 10,
891 666 909 725 9
938 660 1074 727 Haimns
1108 683 1209 746 praue
1243 662 1310 741 sed,
1346 667 1387 726 ut

235 762 328 840 solet,
362 762 443 826 nihil
470 763 541 845 ipse
572 762 720 826 consulto
749 763 935 843 immutans,
969 763 1050 828 haec
1078 766 1211 848 scripsit
1233 765 1387 846 mereas

234 885 311 930 scae
334 871 364 929 et
384 865 472 933 ciaet
494 865 594 929 adbuc
617 870 644 928 et
671 865 761 930 celat
787 866 867 929 mibi
886 886 1026 946 parcere.
1072 867 1126 931 hic
1152 868 1240 933 facili
1271 874 1313 948 et,
1348 873 1388 932 ut

125 1038 129 1049 ,
235 968 386 1048 arbitror,
410 989 490 1033 uera
507 969 694 1032 coniectura
714 964 797 1033 effici
815 975 935 1052 potest,
962 958 1235 1053 quemadmodum
1253 977 1389 1054 praeter

191 1072 194 1077 '
234 1069 320 1134 Mod.
333 1071 367 1133 in
385 1070 441 1135 illo
467 1071 615 1135 codicum
639 1072 712 1154 pari
735 1071 858 1135 factum
882 1078 950 1136 est:
974 1073 1017 1138 D.
1037 1094 1113 1138 serre
1130 1079 1161 1138 et
1176 1075 1267 1138 areat
1283 1073 1388 1138 adbuc

235 1177 265 1237 et
295 1173 376 1238 uelit
406 1173 485 1238 mibi
511 1195 652 1254 parcere,
685 1175 747 1238 hoc
781 1179 839 1253 est,
875 1174 940 1239 ‘sed
976 1174 1087 1257 fingite
1121 1177 1186 1241 iam
1222 1177 1387 1259 Dymnum

235 1275 343 1340 adbuc
377 1276 491 1340 uiuum
527 1276 606 1341 mihi
635 1278 723 1342 socio
753 1278 987 1342 coniurationis
1017 1299 1151 1361 parcere
1183 1279 1287 1343 uelle'.
1332 1278 1386 1344 his

234 1378 344 1443 uerbis
367 1380 468 1461 igitur
492 1379 615 1463 aliquid
639 1380 743 1445 simile
772 1381 811 1459 ei,
844 1381 932 1464 quod
956 1402 1014 1445 rex
1037 1388 1211 1446 accusator
1232 1402 1331 1465 supra
1356 1403 1385 1445 c.

236 1484 327 1560 9,16
359 1483 582 1562 contenderat,
620 1505 735 1548 uerum
764 1504 834 1547 esse
857 1482 1004 1547 Philotas
1027 1485 1130 1566 ponit.
1175 1505 1250 1548 nam
1272 1484 1388 1566 ipsum

234 1582 323 1664 illud,
349 1585 436 1668 quod
448 1585 631 1651 Alexander
653 1588 791 1665 dixerat,
813 1586 973 1670 Dymnum
998 1592 1095 1650 antea
1114 1587 1264 1652 consulto
1287 1587 1387 1653 Nico·

236 1686 386 1751 maehum
419 1687 568 1754 Philotae
602 1711 720 1754 nomen
754 1689 886 1768 celasse,
926 1689 1003 1772 quie
1036 1689 1069 1753 id
1104 1696 1172 1753 tum
1206 1689 1389 1755 absurdum

235 1789 380 1854 futurum
409 1789 508 1856 fuisse
536 1793 608 1876 ipse
637 1792 877 1859 demonstrauit
898 1788 929 1874 (ᾖ
954 1793 996 1872 7),
1019 1793 1083 1855 iam
1111 1793 1290 1857 concedere
1320 1815 1389 1857 non

235 1892 316 1956 uult.
343 1929 379 1938 -
404 1899 504 1978 atque
528 1895 568 1960 de
597 1896 659 1960 bac
688 1895 852 1960 scribendi
879 1895 1017 1973 ratione,
1051 1917 1149 1978 quam
1179 1896 1388 1960 commenda·

235 1996 353 2075 uimus,
387 1999 634 2063 consentiebant
657 1998 733 2064 olim
758 2020 870 2063 omnes
893 1997 1047 2077 editores,
1081 1998 1191 2082 quoad
1215 1999 1389 2081 Zumptius

196 2168 199 2173 ,
235 2099 334 2164 aliam
356 2121 396 2164 ex
418 2101 485 2166 suis
508 2101 601 2167 libris
624 2103 764 2185 sumpsit
788 2102 941 2184 ‘Dymnus
966 2122 1044 2165 sane
1067 2108 1101 2167 et
1122 2102 1251 2166 uiueret
1278 2101 1390 2166 adhue

236 2207 270 2267 et
293 2203 385 2268 uelut
407 2205 485 2268 mihi
508 2205 678 2288 parceret’,
712 2206 744 2269 in
768 2226 834 2290 qua
856 2204 1046 2287 imperfecta
1069 2205 1201 2269 soloece
1222 2204 1390 2270 uidentur.

236 2307 368 2390 quando
392 2310 478 2371 enim
500 2308 564 2371 nisi
586 2308 621 2372 in
645 2307 780 2391 obliqua
803 2309 951 2373 oratione
970 2329 1008 2371 cx
1026 2308 1205 2390 praeterito
1223 2309 1390 2390 pendente

236 2409 335 2479 ‘sene’
358 2431 431 2475 cum
453 2410 646 2492 imperfecto
671 2411 870 2476 coniunctiui
895 2411 1122 2490 coniungitur?

368 2519 413 2592 10,
434 2516 452 2576 7
470 2513 495 2577 Ρ
513 2535 577 2578 raca
595 2515 676 2579 enirn
694 2517 809 2579 detecto
826 2515 969 2597 fbeiaore
985 2533 1097 2576 acmen
1108 2533 1211 2577 meam
1224 2516 1389 2594 praeterit,

236 2622 272 2680 rt
299 2618 407 2697 possit
437 2616 544 2681 uideri
576 2618 660 2683 secio
687 2617 876 2698 pepercisse.
928 2617 1029 2681 ceteri
1062 2624 1192 2699 praeter
1225 2615 1311 2680 Flor.
1349 2616 1389 2681 G.

237 2720 377 2804 ‘posset’,
400 2721 544 2785 uniuersi
570 2726 679 2785 autem
699 2720 896 2804 praeteriit.
934 2727 966 2784 et
988 2719 1052 2784 hoc
1076 2720 1206 2803 quidem
1230 2720 1262 2782 in
1286 2719 1390 2783 uerbo

236 2824 448 2905 praeteritum
472 2823 691 2889 necessarium
715 2830 773 2902 est,
797 2823 884 2906 quod
907 2829 1028 2900 tamen,
1053 2844 1127 2887 cum
1151 2843 1290 2907 sequens
1314 2843 1390 2887 sen-

237 2927 342 2991 tentia
364 2928 574 2992 consecutiua
598 2927 650 3005 sit,
680 2927 776 2990 huius
799 2925 936 2990 uerbum
960 2947 1069 2990 secum
1092 2925 1224 2990 trahere
1247 2947 1312 2989 non
1336 2932 1390 2990 est

236 3051 375 3095 necesse.
432 3029 514 3094 illud
548 3030 634 3095 enim
668 3028 819 3095 Philotas
853 3030 941 3109 dicit,
976 3050 1041 3093 non
1077 3029 1207 3093 detecto
1240 3028 1389 3093 facinore

236 3154 353 3198 nornen
376 3156 469 3198 suum
494 3122 655 3217 Dymnum
684 3133 953 3214 praetermisisse,
987 3139 1025 3196 ut
1057 3133 1131 3196 lem·
1149 3132 1254 3214 possit
1283 3130 1391 3195 uideri

237 3237 369 3301 conscio
398 3257 532 3319 parcere
560 3235 715 3299 uoluisse.
761 3236 794 3299 in
824 3257 888 3318 quo
919 3235 1081 3318 posterior
1111 3234 1293 3298 enuntiatio
1324 3255 1389 3298 non

237 3338 279 3402 ad
312 3339 520 3422 negationem
549 3341 634 3402 ‘non
663 3338 793 3402 detecto
827 3337 848 3401 l.
880 3359 995 3402 nomen
1030 3337 1220 3420 praeteriit,
1256 3336 1313 3400 sed
1348 3336 1391 3401 ad

239 3443 377 3507 ‘detecto
395 3443 415 3505 f.
432 3464 551 3509 nomen
569 3441 746 3524 praeteriit'
764 3440 913 3514 refertur,
938 3448 975 3504 ut
997 3441 1059 3505 hoc
1082 3438 1299 3521 significetur:
1324 3461 1391 3504 non

238 3547 324 3611 enim
345 3567 380 3611 re
404 3543 571 3629 patefacta
593 3566 710 3627 nomen
733 3565 839 3609 meum
863 3544 999 3625 celauit3
1023 3566 1098 3608 nam
1123 3544 1151 3608 si
1170 3550 1240 3607 tum
1259 3543 1391 3608 demum

237 3650 471 3733 praeteriisset,
496 3654 628 3731 poterat
649 3648 759 3712 uideri
782 3648 914 3713 conscio
938 3649 1136 3731 pepercisse.
1171 3646 1212 3711 de
1234 3646 1295 3710 hcc
1317 3667 1390 3726 usu,

238 3773 302 3837 quo
331 3753 543 3817 consecutiua
573 3753 736 3816 sententia
763 3752 949 3833 negatiuam
974 3771 1114 3835 sequens
1137 3771 1202 3814 non
1225 3749 1266 3813 ad
1290 3769 1388 3831 nega·

237 3858 370 3935 tionem,
394 3855 450 3920 sed
475 3854 517 3918 ad
541 3875 622 3934 earn,
645 3876 729 3938 quae
754 3854 815 3919 hac
838 3854 989 3918 detracta
1011 3859 1125 3931 restat,
1161 3858 1288 3935 partem
1317 3873 1391 3934 per-

237 3961 331 4038 tinet,
365 3959 430 4023 iam
454 3957 595 4041 Maduig.
621 3958 663 4022 ad
686 3956 751 4022 cic.
774 3957 845 4022 Fin.
869 3957 934 4021 IIII
958 3960 997 4020 77
1020 3956 1168 4021 breuiter
1198 3955 1391 4038 disputauit‚

239 4061 304 4127 Cic.
340 4062 379 4126 de
413 4061 484 4126 Fat.
516 4065 558 4124 44
593 4059 772 4127 conferens.
830 4061 882 4125 his
916 4059 1012 4138 addo,
1047 4080 1132 4143 quae
1166 4059 1286 4142 partim
1319 4057 1393 4140 ipse

239 4163 376 4230 subinde
400 4163 525 4246 collegi,
550 4164 669 4245 partim
692 4163 875 4248 Siesbyeus,
904 4185 969 4246 qua
992 4168 1042 4228 est
1063 4161 1274 4239 liberalitate,
1309 4161 1393 4224 mihi

238 4267 515 4334 subministrabit:
539 4265 646 4330 Plaut.
665 4264 757 4350 Capt.
777 4270 839 4331 595
863 4267 1001 4331 ‘crucior
1020 4263 1163 4347 lapidem
1181 4285 1244 4328 non
1268 4261 1392 4328 habere

240 4394 300 4451 me,
334 4379 370 4436 ut
403 4370 451 4434 illi
484 4370 657 4451 mastigiae
686 4369 855 4434 cerebrum
886 4365 1068 4445 excutiam’,
1104 4386 1303 4450 quamquam
1337 4364 1393 4429 hic

240 4475 370 4559 quidem
395 4473 449 4539 ‘ut’
472 4471 578 4537 finalis
607 4473 715 4540 uideri
746 4476 869 4556 potest;
902 4473 982 4537 item
998 4470 1136 4535 ¹Poenul.
1161 4468 1188 4532 V
1210 4475 1239 4546 4,
1266 4471 1392 4532 ilo-6

237 4581 267 4644 ‘0
290 4576 414 4661 Apella,
442 4598 460 4642 o
484 4575 601 4662 Zeuxis
630 4576 745 4661 pictor,
780 4594 837 4640 cnr
859 4572 1017 4639 numerod
1040 4573 1119 4641 estis
1143 4571 1271 4652 mortui,
1305 4569 1383 4637 hinc
