3068 5152
757 365 775 423 2

192 550 388 634 aperiendae
410 549 503 613 Bessi
526 549 761 613 coniurationis
785 549 947 612 occasioni
970 549 1126 612 imminet.
1172 550 1235 611 iarn
1260 547 1338 611 Cur-

183 655 269 733 tius,
294 653 354 717 etsi
377 653 518 719 uirtutes
539 651 716 716 Alexandri
739 650 868 714 abunde
892 649 1084 729 admiratur,
1108 650 1219 714 indicii
1241 651 1339 715 liber·

188 762 290 820 tatem
314 757 344 819 ei
366 760 476 819 tamen
498 776 562 820 non
587 754 714 819 addixit
736 760 769 818 et
791 755 882 818 uitiis
904 756 972 818 suis
990 754 1212 837 indulgentem
1231 776 1340 836 regern

110 852 112 855 ’
189 860 374 936 seueritate,
420 878 517 940 quam
561 858 640 942 quia
679 856 895 921 Callisthenes
942 878 1013 920 eam
1053 859 1086 920 in
1119 857 1339 922 Alexandrum

190 982 292 1045 usque
316 960 359 1024 ad
382 968 520 1024 mortem
543 963 680 1044 ingenue
710 960 862 1037 exercuit,
898 958 1165 1024 Callisthenioam
1194 961 1340 1037 dixerim,

190 1064 413 1148 reprehendit.
480 1062 639 1129 Arrianus
679 1062 888 1126 admirationi
921 1060 1097 1127 Alexandri
1137 1063 1267 1128 deditus
1301 1098 1337 1107 —

190 1188 296 1251 neque
326 1166 422 1231 ahter
452 1167 492 1230 de
523 1188 582 1231 suo
610 1186 687 1246 rege
710 1165 919 1235 Ptolomaeus
944 1170 977 1228 et
997 1165 1206 1230 Aristobulus
1230 1167 1341 1230 existi-

192 1276 363 1335 mauerunt
381 1305 431 1348 -‚
455 1269 610 1355 quicquid
635 1289 739 1333 secus.
753 1268 794 1345 ab
818 1289 856 1332 eo
879 1267 1000 1332 factum
1024 1289 1095 1333 esse
1115 1274 1147 1332 et
1165 1269 1341 1333 Alexandri

192 1373 394 1455 temporibus
422 1370 571 1436 nonnulli
598 1354 791 1436 iudicabant
819 1378 853 1436 et
880 1371 978 1435 hodie
1001 1393 1095 1436 nemo
1119 1394 1184 1436 non
1208 1374 1341 1449 iudicat,

193 1481 251 1540 aut
273 1476 305 1539 in
327 1476 459 1539 laudem
481 1474 548 1538 fere
571 1476 674 1538 uertit
696 1479 754 1537 aut
776 1473 873 1556 plane
896 1476 1138 1556 praetermittit.
1291 1472 1300 1480 ”

277 1578 397 1643 Uerum
421 1578 455 1642 id
477 1598 564 1641 nunc
586 1599 652 1642 non
674 1596 744 1657 ago,
767 1581 805 1639 nt
826 1576 945 1659 quihus
969 1578 1241 1644 delectationibus
1263 1585 1342 1643 tunc

194 1683 225 1744 in
249 1681 386 1764 legendo
411 1679 523 1745 Curtio
547 1680 694 1761 tenebar,
718 1700 773 1743 eas
796 1678 850 1742 hic
873 1700 1061 1762 persequar.
1107 1681 1163 1745 sed
1187 1681 1348 1764 quiequid

193 1784 228 1848 in
246 1805 296 1848 me
316 1785 521 1865 grammatici
540 1790 599 1861 est,
623 1805 694 1848 earn
715 1782 885 1859 rationem,
909 1805 973 1866 qua
989 1783 1074 1848 liber
1092 1784 1162 1848 eius
1174 1784 1343 1860 edebatur,

195 1886 413 1970 improbabat.
458 1888 489 1950 in
515 1885 625 1950 uerbis
654 1888 740 1952 enim
770 1893 803 1951 et
830 1885 1006 1950 uerborum
1036 1889 1208 1950 structuris
1242 1888 1345 1950 multa

196 2011 276 2068 esse,
301 2010 385 2072 quae
410 1988 450 2053 ab
474 1990 562 2054 omni
586 1990 744 2054 sermonis
767 1989 876 2053 Latini
898 2010 960 2052 usu
983 1988 1207 2066 abhorrerent,
1242 1989 1345 2052 multa

197 2113 281 2175 quae
304 2093 399 2155 huius
423 2093 594 2175 scriptoris
618 2113 715 2156 sensu
738 2092 847 2156 aliena
870 2092 1018 2173 putanda
1040 2100 1158 2169 essent,
1181 2090 1343 2155 uidebam.

196 2195 253 2260 sed
287 2202 358 2259 turn
392 2195 498 2278 ipsum
530 2195 662 2259 tandem
697 2194 872 2258 uidebatur
904 2191 991 2272 fore,
1025 2201 1061 2258 ut
1094 2195 1188 2258 nouis
1222 2195 1345 2259 criticis

198 2298 352 2363 subsidiis
372 2298 604 2363 accedentibus
624 2305 714 2362 certa
732 2297 932 2362 recensionis
945 2295 1119 2361 Curtianae
1131 2297 1347 2362 fundamenta

197 2403 261 2466 iaci
285 2408 425 2482 possent.
459 2423 535 2464 nam
554 2400 586 2464 C.
600 2400 770 2484 Zumptius
794 2402 935 2483 quidem,
961 2402 1016 2483 qui
1039 2407 1168 2483 patrum
1192 2403 1348 2464 memoria

198 2505 280 2569 haec
313 2494 527 2569 fundamerita
568 2505 711 2586 quinque
753 2503 910 2567 librorum
946 2504 1030 2567 Flor.
1065 2503 1093 2567 A
1126 2504 1152 2567 B
1187 2503 1282 2567 Bern.
1321 2503 1348 2566 A

200 2608 289 2672 Leid.
311 2611 325 2669 1
352 2607 446 2672 Uoss.
467 2611 481 2669 1
507 2627 617 2689 prope
633 2612 826 2690 perpetuum
851 2627 1042 2670 consensum
1065 2608 1234 2688 quaesisse
1257 2606 1348 2670 uide·

198 2710 305 2789 batur,
339 2731 404 2774 non
429 2709 464 2772 id
498 2707 660 2787 effecerat,
694 2715 731 2773 ut
759 2731 823 2775 non
852 2731 936 2774 unus
965 2715 998 2774 et
1021 2709 1105 2774 alter
1128 2710 1260 2774 criticus
1284 2709 1348 2772 dis-

201 2814 361 2878 cordaret.
406 2814 492 2876 inter
507 2833 600 2894 ,quos
623 2812 663 2877 H.
687 2813 823 2878 Fossius
846 2813 878 2876 in
905 2812 1159 2890 Quaestionihus
1183 2810 1348 2876 Curtianis
1386 2897 1388 2901 ¹

200 2923 289 2980 recte
312 2916 550 2980 demonstrauit
572 2916 605 2980 in
628 2915 827 2995 inferiorum,
850 2936 936 2998 quae
958 2902 1166 2992 uocarentur,
1196 2935 1349 2998 generum

202 3020 367 3083 codicibus
401 3019 542 3101 plurima
576 3018 617 3082 ad
652 3019 862 3102 archetypum
898 3020 1041 3085 codicem
1072 3018 1121 3082 his
1144 3018 1348 3102 Zumptianis

200 3122 367 3188 meliorem
396 3121 570 3186 referenda
603 3123 789 3187 necessario
824 3144 905 3187 esse.
950 3122 1108 3200 restabat,
1141 3128 1178 3185 ut
1212 3121 1350 3204 eligendi

200 3227 360 3290 rationem
391 3226 495 3288 critici
529 3231 754 3308 sequerentur,
789 3247 855 3308 qua
883 3225 1076 3289 emendandi
1104 3224 1248 3290 studium
1269 3223 1351 3288 uber

202 3335 235 3392 et
257 3328 348 3392 ferax
367 3327 604 3410 desperandum
627 3334 713 3407 erat3
738 3349 813 3391 narn
833 3328 1079 3392 emendatorem
1100 3328 1156 3392 uhi
1174 3349 1191 3392 e
1212 3327 1350 3391 diuersis

202 3432 383 3513 scripturis,
407 3430 493 3495 unde
517 3432 711 3514 principium
736 3430 846 3512 capiat
868 3430 1062 3512 corrigendi,
1085 3433 1220 3509 nesciat,
1244 3431 1349 3494 deter-

201 3535 266 3598 reri
289 3554 422 3598 necesse
447 3539 505 3597 est.
541 3533 598 3597 sed
619 3554 703 3596 anno
716 3529 1176 3598 MDCCCLXVIIParisinum
1195 3535 1348 3609 codicem,

202 3657 275 3700 cum
297 3642 395 3700 antea
417 3657 436 3699 a
460 3635 682 3718 compluribus
700 3643 973 3701 commemoratus
991 3646 1191 3721 propterque
1209 3643 1349 3702 aetatem

200 3738 357 3804 laudatus
380 3758 440 3801 nec
468 3738 510 3803 ab
537 3739 577 3801 iis
610 3738 793 3822 descriptus
823 3746 920 3817 esset,
954 3737 991 3804 Ε.
1015 3740 1195 3805 Hediokius
1228 3741 1350 3823 primus

202 3841 340 3924 protulit
362 3842 497 3923 eiusque
522 3842 694 3924 scripturis
718 3842 890 3906 enotandis
914 3844 1008 3926 quasi
1032 3842 1227 3926 quibusdam
1251 3844 1350 3924 insig-

201 3944 297 4008 nibus
331 3944 507 4008 editionem
542 3945 701 4008 distinxit.
744 3945 894 4009 sedtum
918 3947 949 4009 in
973 3946 1115 4028 Zumptii
1140 3946 1349 4011 historiarum

201 4044 307 4122 Curtii
343 4046 541 4111 edendarum
583 4047 742 4124 institutis
782 4049 1034 4130 praeceptisque
1075 4050 1174 4112 etiam
1213 4049 1350 4113 haerens

201 4149 344 4232 plurima
373 4170 389 4213 e
414 4150 527 4214 codice
549 4148 686 4226 libabat,
710 4149 929 4232 principatum
954 4151 984 4214 ei
1007 4151 1151 4215 nondum
1174 4150 1349 4215 tribuebat.

202 4252 352 4334 proximo
388 4250 504 4315 deinde
539 4271 623 4315 anno
657 4252 803 4316 Adamus
838 4253 996 4330 Eussner,
1038 4274 1109 4316 cum
1146 4253 1351 4334 Wiroeburgi

201 4355 421 4420 rudimentum
450 4352 620 4418 doctrinae
655 4362 800 4436 poneret,
834 4355 866 4418 in
891 4353 1072 4437 Speoimine
1103 4354 1225 4420 Critico
1257 4377 1350 4418 suum

204 4456 308 4520 codici
329 4457 437 4521 locum
459 4456 642 4521 uindicauit
665 4463 698 4520 et
720 4457 876 4540 exemplis
900 4458 1040 4522 maxime
1063 4479 1103 4521 ex
1125 4465 1244 4522 octauo
1267 4458 1352 4522 libro

202 4559 324 4640 petitis,
359 4557 439 4642 quid
462 4557 617 4623 utilitatis
647 4580 710 4623 non
741 4560 846 4624 solum
877 4581 915 4624 ex
943 4560 1080 4642 integris
1103 4560 1224 4625 codicis
1249 4564 1351 4644 scrip-
