3068 5152
747 392 788 451 49

195 576 303 640 solum
325 575 494 640 hominum
518 596 656 658 corpore
679 583 816 659 accepta
836 599 951 642 rursus
974 577 1058 642 infra
1075 579 1195 644 eiceret
1211 578 1339 644 flumen.

194 679 248 743 alii
274 678 413 757 codices,
437 678 530 742 uelut
550 677 636 742 Flor.
656 678 684 743 G
702 685 736 743 et
753 679 846 758 Bud.‚
869 681 972 744 multo
995 682 1105 745 uerius
1128 683 1161 746 in
1180 683 1339 747 neutralis

194 782 321 863 generis
344 781 484 863 uestigio
509 780 689 862 (dimissa)
713 783 928 847 insistendum
952 804 1020 848 esse
1043 784 1206 864 uiderunt,
1241 791 1340 869 atque

193 884 274 948 haec
308 885 392 951 ratio
427 904 447 947 a
474 882 583 947 Medio
617 884 651 946 in
685 884 891 965 membranis,
926 885 1044 969 quibus
1077 885 1133 950 ille
1167 908 1246 952 usus
1280 894 1340 967 est,

190 989 335 1065 inuenta,
369 985 454 1050 unde
487 985 626 1050 fortasse
654 986 688 1049 in
717 986 802 1050 Flor.
828 986 866 1052 G.
891 994 923 1052 et
951 987 1032 1052 Bud.
1057 988 1220 1054 translata
1254 996 1342 1068 erat,

191 1111 295 1173 usque
329 1089 370 1152 ad
399 1089 584 1171 Zumptium
619 1090 651 1152 in
687 1089 885 1155 editionibus
919 1090 1084 1174 plerisque
1118 1092 1268 1156 obtinuit.
1299 1129 1341 1138 ·-·

191 1193 302 1277 paullo
334 1190 421 1257 infra
455 1197 531 1274 post
564 1193 643 1256 dnos
677 1191 798 1256 excidit
830 1214 946 1258 nomen
976 1195 1103 1274 generis
1139 1183 1339 1274 animalium,

192 1317 275 1380 quae
299 1297 332 1359 in
356 1293 474 1359 flumen
498 1295 600 1377 proici
623 1293 810 1358 Alexander
831 1296 943 1376 iussit3
968 1296 1025 1362 sed
1049 1298 1130 1362 scite
1149 1296 1235 1362 Flor.
1255 1299 1283 1363 G
1306 1306 1339 1363 et

191 1405 321 1465 ueteres
344 1396 485 1461 editores
508 1404 615 1462 tauros
638 1397 813 1462 addebant.

320 1506 349 1580 4,
373 1505 392 1563 8
416 1499 440 1562 Ρ
463 1500 570 1565 adhuc
593 1501 682 1564 solus
706 1501 830 1581 accepit,
862 1521 925 1565 non
949 1501 1100 1585 ‘accipit',
1134 1509 1166 1567 et
1190 1503 1237 1567 sic
1260 1504 1340 1567 scri·
1467 1509 1469 1515 ’

191 1604 343 1669 bendum.
367 1639 409 1649 -
430 1602 496 1666 ibd.
521 1601 538 1685 ξ
564 1608 601 1666 18
630 1603 881 1686 expungendum
908 1604 1047 1669 uerbum
1076 1605 1133 1669 alc'i
1163 1613 1238 1670 ante
1266 1611 1342 1670 eant

192 1707 248 1789 qai
276 1705 448 1771 Maeotiam
481 1713 557 1771 cett.
603 1728 744 1790 namque
766 1708 827 1786 iis,
863 1708 919 1789 qui
952 1729 1103 1790 magnum
1139 1708 1219 1772 illud
1250 1729 1339 1772 mare

192 1808 348 1892 Caspium
372 1809 491 1892 quique
509 1808 708 1891 Hyrcanium
731 1808 908 1894 appellant,
931 1809 975 1886 hi,
998 1811 1054 1894 qui
1077 1832 1152 1875 eum
1176 1810 1339 1875 Maeotide
1404 1864 1408 1874 .
1463 1858 1467 1866 -

193 1912 313 1996 palude
337 1933 426 1976 mare
450 1913 656 1976 coniunctum
680 1933 750 1977 esse
774 1913 971 1990 existimant,
1005 1913 1111 1996 neque
1135 1920 1225 1978 recte
1248 1913 1340 1978 uelut

193 2015 280 2081 tertii
305 2015 439 2098 quidam
467 2015 699 2105 adiunguntur,
734 2015 889 2098 quoniam
916 2036 980 2080 non
1005 2022 1038 2080 et
1059 2017 1122 2100 ipsi
1147 2016 1187 2080 de
1211 2019 1339 2082 nomine

192 2120 372 2202 disputant,
396 2139 502 2201 neque
526 2120 670 2200 separari
694 2117 734 2182 ab
758 2119 797 2182 iis
820 2126 975 2201 possunt;
997 2141 1073 2183 nam
1092 2141 1165 2184 cunr
1182 2120 1341 2185 utrolibet

191 2223 320 2286 nomine
360 2223 524 2286 sententia
560 2221 618 2286 illa
659 2222 698 2286 de
737 2221 882 2286 maribus
915 2223 1002 2286 inter
1027 2243 1069 2286 se
1102 2223 1224 2288 iunctis
1257 2223 1339 2287 bene

192 2325 352 2408 congruit.
1188 2309 1194 2321 ⁶

260 2453 263 2464 ·
321 2428 385 2492 ibd.
410 2426 426 2509 ξ
451 2429 490 2490 22
513 2429 662 2515 frequens
685 2425 779 2490 arbor
807 2426 921 2506 facien
953 2447 1086 2509 quercus
1119 2425 1216 2507 habet,
1251 2429 1363 2498 caina.

190 2531 273 2612 folia
294 2530 392 2596 annito
415 2530 503 2594 melle
528 2531 700 2612 tinonntnr,
724 2530 783 2593 scd
803 2531 871 2594 niet
892 2530 973 2594 solis
993 2536 1097 2594 ortnrn
1112 2531 1232 2595 incolae
1250 2552 1339 2596 ocni-

189 2634 340 2715 paaerc‘nt
361 2632 417 2714 (an
439 2667 480 2676 -
503 2631 626 2713 ranst),
657 2633 706 2697 nel
727 2633 850 2697 modica
872 2638 976 2713 tepore
998 2653 1110 2698 enema
1133 2634 1338 2716 cntinpnc'tnn.

194 2738 421 2803 emendatione
444 2737 487 2800 in.
502 2737 664 2800 sententia
683 2736 785 2799 ‘cuius
802 2735 998 2800 foliamelle
1021 2736 1199 2817 tinguntur’
1211 2743 1340 2819 tempus

193 2840 375 2905 sudationis
395 2838 595 2918 addendum;
619 2838 782 2920 quodnisi
798 2841 863 2902 iarn
881 2838 934 2902 hic
951 2838 1115 2917 definitur,
1138 2840 1224 2902 inter
1242 2839 1338 2918 hanc,

189 2964 293 3027 ¹quam
317 2942 393 3020 dixi,
429 2943 632 3020 sententiam,
666 2941 721 3005 ubi
746 2941 798 3005 die
821 2949 981 3023 nocteque
1006 2942 1075 3005 sine
1098 2941 1340 3006 intermissione

193 3067 309 3111 succus
333 3067 501 3129 erumpere
523 3044 663 3122 uidetur,
687 3050 722 3108 et
743 3045 917 3126 proximae,
942 3042 997 3108 ubi
1021 3043 1194 3108 emanandi
1211 3050 1340 3127 tempus

192 3149 330 3222 multum
352 3150 559 3213 imminutum
584 3147 744 3224 uidemus,
771 3167 891 3229 magna
914 3152 964 3211 est
986 3147 1213 3229 repugnantia.
1249 3148 1340 3228 atqui

193 3251 397 3316 sudationem
422 3250 548 3316 duabus
571 3251 660 3315 horis
684 3251 855 3341 matutinis
879 3249 959 3327 fieri,
988 3271 1027 3314 ex
1048 3249 1131 3313 Plin.
1155 3248 1193 3312 H.
1217 3247 1255 3311 N.
1279 3248 1341 3314 XII

194 3360 234 3419 34
258 3355 388 3419 scimus.
434 3356 547 3437 itaque
578 3354 727 3418 similiter
749 3352 882 3418 Curtius
913 3353 1031 3417 dixisse
1065 3352 1210 3417 uidetur:
1243 3353 1340 3417 annito

192 3478 282 3522 mane
320 3456 408 3522 ancile
449 3459 623 3540 tenuantur.
680 3457 795 3522 ‘multo
829 3456 932 3522 mene’
967 3457 1067 3521 etiam
1102 3453 1169 3521 Cic.
1204 3455 1263 3539 Ep.
1298 3455 1340 3519 ad

192 3561 260 3627 An.
284 3562 311 3626 V
334 3565 364 3641 4,
392 3566 417 3624 l.

321 3669 349 3744 5,
385 3669 403 3728 e
440 3664 532 3728 codd.
568 3664 660 3746 lepatc‘
700 3668 787 3727 crant
819 3661 1138 3728 Lacedaemoniorum
1171 3662 1266 3726 missi
1299 3661 1342 3724 ad

191 3787 303 3850 repen,
327 3788 388 3850 qno
409 3768 494 3831 nicto
515 3767 736 3847 adplicuerant
756 3788 790 3830 sc
806 3766 940 3832 Graccis
960 3765 1101 3830 mercede
1122 3765 1208 3844 apud
1226 3762 1341 3827 Persas

191 3871 415 3936 militantibus.
460 3870 542 3934 haee
573 3869 677 3934 uerba
707 3871 847 3934 orationi
875 3868 984 3932 media
1010 3869 1272 3949 interponuntur,
1304 3872 1341 3930 ut

192 3975 355 4058 quomodo
390 3973 577 4056 Spartiatae
610 3972 668 4052 illi,
703 3973 758 4056 qui
792 3973 939 4056 proxime
974 3990 1074 4053 supra
1108 3990 1340 4035 commemora·

190 4076 319 4155 bantur,
359 4078 393 4140 in
435 4082 545 4140 castra
578 4074 752 4140 Persarum
791 4075 949 4154 uenerint,
993 4073 1244 4138 demonstretur.
1271 4070 1275 4080 '
1300 4071 1340 4134 de

192 4179 428 4263 Sinopensibus
458 4180 592 4260 aliquot,
627 4179 683 4262 qui
712 4184 746 4242 et
767 4179 830 4261 ipsi
853 4177 899 4242 ibi
921 4197 941 4241 a
963 4175 1196 4241 Macedonibus
1219 4175 1341 4259 reperti

192 4290 276 4363 sunt,
305 4283 387 4347 nihil
410 4282 552 4360 additur,
575 4282 639 4345 nisi
662 4280 746 4346 forte
770 4280 829 4345 hos
853 4300 983 4363 quoque
1008 4279 1340 4344 Lacedaemoniorum

193 4386 321 4469 legatos
344 4385 444 4449 fuisse
468 4390 623 4467 putamus
647 4388 745 4467 atque
769 4383 808 4448 de
831 4382 871 4446 iis
894 4384 992 4447 etiam
1016 4381 1227 4465 parenthesin
1250 4379 1340 4444 illam

192 4488 265 4554 dici.
301 4488 358 4552 sed
383 4509 441 4552 suo
464 4486 620 4551 uidelicet
642 4487 705 4568 ipsi
726 4506 857 4549 munere
875 4483 1104 4567 fungebantur.
1139 4485 1249 4565 itaque
1267 4504 1340 4547 cum

192 4590 419 4674 Sinopensium
438 4591 565 4672 legatos
584 4610 639 4654 eos
658 4589 699 4653 ad
720 4589 862 4654 Dareum
880 4589 1008 4653 uenisse
1021 4587 1178 4652 Arrianus
1194 4586 1242 4651 ΙΙΙ
1259 4590 1339 4666 24,4

1095 4691 1112 4743 4
