<?xml version="1.0" encoding="UTF-8"?>
<!DOCTYPE html PUBLIC "-//W3C//DTD XHTML 1.0 Transitional//EN"
    "http://www.w3.org/TR/xhtml1/DTD/xhtml1-transitional.dtd">
<html xmlns="http://www.w3.org/1999/xhtml" xml:lang="en" lang="en">
 <head>
  <title>
</title>
<meta http-equiv="Content-Type" content="text/html;charset=utf-8" />
  <meta name='ocr-system' content='tesseract 3.04.00' />
  <meta name='ocr-capabilities' content='ocr_page ocr_carea ocr_par ocr_line ocrx_word'/>
</head>
<body>
  <div class='ocr_page' id='page_1' title='image "./quaestionescurt00kincgoog_0042.png"; bbox 0 0 3068 5152; ppageno 0'>
   <div class='ocr_carea' id='block_1_1' title="bbox 750 381 882 439">
    <p class='ocr_par' dir='ltr' id='par_1_1' title="bbox 750 381 882 439">
     <span class='ocr_line' id='line_1_1' title="bbox 750 381 882 439; baseline 0.008 -1"><span class='ocrx_word' id='word_1_1' title='bbox 750 381 882 439; x_wconf 18' lang='lat'>35*</span> 
     </span>
    </p>
   </div>
   <div class='ocr_carea' id='block_1_2' title="bbox 123 563 1429 4562">
    <p class='ocr_par' dir='ltr' id='par_1_2' title="bbox 192 563 1429 1173">
     <span class='ocr_line' id='line_1_2' title="bbox 195 563 1344 643; baseline 0.002 -16"><span class='ocrx_word' id='word_1_2' title='bbox 195 564 312 627; x_wconf 79' lang='lat' dir='ltr'>donum</span> <span class='ocrx_word' id='word_1_3' title='bbox 335 563 536 643; x_wconf 84' lang='lat' dir='ltr'>exciderunt,</span> <span class='ocrx_word' id='word_1_4' title='bbox 564 584 662 629; x_wconf 89' lang='lat' dir='ltr'>uerus</span> <span class='ocrx_word' id='word_1_5' title='bbox 685 563 860 629; x_wconf 91' lang='lat' dir='ltr'>uerborum</span> <span class='ocrx_word' id='word_1_6' title='bbox 892 565 972 630; x_wconf 92' lang='lat' dir='ltr'>crdo</span> <span class='ocrx_word' id='word_1_7' title='bbox 993 565 1047 630; x_wconf 89' lang='lat' dir='ltr'>hic</span> <span class='ocrx_word' id='word_1_8' title='bbox 1072 566 1149 631; x_wconf 89' lang='lat' dir='ltr'>erit:</span> <span class='ocrx_word' id='word_1_9' title='bbox 1178 586 1241 629; x_wconf 83' lang='lat' dir='ltr'>een</span> <span class='ocrx_word' id='word_1_10' title='bbox 1263 567 1344 631; x_wconf 80' lang='lat' dir='ltr'>irrue</span> 
     </span>
     <span class='ocr_line' id='line_1_3' title="bbox 193 665 1343 752; baseline 0.002 -23"><span class='ocrx_word' id='word_1_11' title='bbox 193 667 285 730; x_wconf 88' lang='lat' dir='ltr'>modo</span> <span class='ocrx_word' id='word_1_12' title='bbox 298 667 345 731; x_wconf 88' lang='lat' dir='ltr'>M.</span> <span class='ocrx_word' id='word_1_13' title='bbox 359 672 378 730; x_wconf 84' lang='lat' dir='ltr'>t.</span> <span class='ocrx_word' id='word_1_14' title='bbox 403 688 478 730; x_wconf 91' lang='lat' dir='ltr'>nam</span> <span class='ocrx_word' id='word_1_15' title='bbox 492 667 674 750; x_wconf 88' lang='lat' dir='ltr'>particulas</span> <span class='ocrx_word' id='word_1_16' title='bbox 685 687 748 731; x_wconf 83' lang='lat' dir='ltr'>nou</span> <span class='ocrx_word' id='word_1_17' title='bbox 759 668 850 732; x_wconf 85' lang='lat' dir='ltr'>modo</span> <span class='ocrx_word' id='word_1_18' title='bbox 863 665 996 733; x_wconf 86' lang='lat' dir='ltr'>Curtius</span> <span class='ocrx_word' id='word_1_19' title='bbox 1009 689 1138 752; x_wconf 84' lang='lat' dir='ltr'>semper</span> <span class='ocrx_word' id='word_1_20' title='bbox 1149 669 1343 751; x_wconf 89' lang='lat' dir='ltr'>interposito</span> 
     </span>
     <span class='ocr_line' id='line_1_4' title="bbox 193 769 1429 853; baseline 0.005 -21"><span class='ocrx_word' id='word_1_21' title='bbox 193 769 296 833; x_wconf 91' lang='lat' dir='ltr'>uerbo</span> <span class='ocrx_word' id='word_1_22' title='bbox 320 769 516 834; x_wconf 87' lang='lat' dir='ltr'>disiunxisse</span> <span class='ocrx_word' id='word_1_23' title='bbox 545 769 678 833; x_wconf 91' lang='lat' dir='ltr'>uidetur</span> <span class='ocrx_word' id='word_1_24' title='bbox 707 776 750 847; x_wconf 87' lang='lat' dir='ltr'>et,</span> <span class='ocrx_word' id='word_1_25' title='bbox 780 771 867 852; x_wconf 91' lang='lat' dir='ltr'>quod</span> <span class='ocrx_word' id='word_1_26' title='bbox 898 769 1025 835; x_wconf 90' lang='lat' dir='ltr'>duobus</span> <span class='ocrx_word' id='word_1_27' title='bbox 1056 773 1186 835; x_wconf 91' lang='lat' dir='ltr'>omnino</span> <span class='ocrx_word' id='word_1_28' title='bbox 1210 793 1248 836; x_wconf 87' lang='lat' dir='ltr'>ex</span> <span class='ocrx_word' id='word_1_29' title='bbox 1272 771 1344 853; x_wconf 91' lang='lat' dir='ltr'>plus</span> <span class='ocrx_word' id='word_1_30' title='bbox 1426 831 1429 838; x_wconf 83' lang='lat'><strong>.</strong></span> 
     </span>
     <span class='ocr_line' id='line_1_5' title="bbox 193 862 1343 955; baseline 0.004 -21"><span class='ocrx_word' id='word_1_31' title='bbox 193 891 294 954; x_wconf 88' lang='lat' dir='ltr'>quarn</span> <span class='ocrx_word' id='word_1_32' title='bbox 311 874 520 955; x_wconf 78' lang='lat' dir='ltr'>septuaginta</span> <span class='ocrx_word' id='word_1_33' title='bbox 537 872 617 937; x_wconf 90' lang='lat' dir='ltr'>locis</span> <span class='ocrx_word' id='word_1_34' title='bbox 636 893 721 937; x_wconf 91' lang='lat' dir='ltr'>nunc</span> <span class='ocrx_word' id='word_1_35' title='bbox 737 862 841 938; x_wconf 42' lang='lat' dir='ltr'>‘aliter</span> <span class='ocrx_word' id='word_1_36' title='bbox 858 879 909 938; x_wconf 89' lang='lat' dir='ltr'>est</span> <span class='ocrx_word' id='word_1_37' title='bbox 928 872 1019 953; x_wconf 84' lang='lat' dir='ltr'>(VIII</span> <span class='ocrx_word' id='word_1_38' title='bbox 1040 878 1066 953; x_wconf 94' lang='lat' dir='ltr'>l,</span> <span class='ocrx_word' id='word_1_39' title='bbox 1090 878 1129 938; x_wconf 84' lang='lat'>35</span> <span class='ocrx_word' id='word_1_40' title='bbox 1154 875 1227 938; x_wconf 89' lang='lat' dir='ltr'>‘non</span> <span class='ocrx_word' id='word_1_41' title='bbox 1247 874 1343 939; x_wconf 88' lang='lat' dir='ltr'>modo</span> 
     </span>
     <span class='ocr_line' id='line_1_6' title="bbox 192 974 1342 1059; baseline 0.003 -21"><span class='ocrx_word' id='word_1_42' title='bbox 192 974 395 1038; x_wconf 87' lang='lat' dir='ltr'>indomitam’</span> <span class='ocrx_word' id='word_1_43' title='bbox 409 981 442 1041; x_wconf 90' lang='lat' dir='ltr'>et</span> <span class='ocrx_word' id='word_1_44' title='bbox 459 974 552 1040; x_wconf 90' lang='lat' dir='ltr'>VIlII</span> <span class='ocrx_word' id='word_1_45' title='bbox 572 979 601 1054; x_wconf 82' lang='lat'>2,</span> <span class='ocrx_word' id='word_1_46' title='bbox 626 979 643 1039; x_wconf 91' lang='grc'>6</span> <span class='ocrx_word' id='word_1_47' title='bbox 662 975 737 1040; x_wconf 91' lang='lat' dir='ltr'>‘non</span> <span class='ocrx_word' id='word_1_48' title='bbox 756 977 850 1040; x_wconf 91' lang='lat' dir='ltr'>modo</span> <span class='ocrx_word' id='word_1_49' title='bbox 874 976 1084 1059; x_wconf 84' lang='lat' dir='ltr'>ignobilem’),</span> <span class='ocrx_word' id='word_1_50' title='bbox 1104 998 1213 1042; x_wconf 88' lang='lat' dir='ltr'>errore</span> <span class='ocrx_word' id='word_1_51' title='bbox 1226 977 1342 1041; x_wconf 80' lang='lat' dir='ltr'>calami</span> 
     </span>
     <span class='ocr_line' id='line_1_7' title="bbox 194 1076 1079 1173; baseline 0.001 -31"><span class='ocrx_word' id='word_1_52' title='bbox 194 1076 319 1142; x_wconf 80' lang='lat' dir='ltr'>lactum</span> <span class='ocrx_word' id='word_1_53' title='bbox 343 1098 424 1142; x_wconf 89' lang='lat' dir='ltr'>esse.</span> <span class='ocrx_word' id='word_1_54' title='bbox 1074 1162 1079 1173; x_wconf 32' lang='lat'><strong>·</strong></span> 
     </span>
    </p>

    <p class='ocr_par' dir='ltr' id='par_1_3' title="bbox 123 1180 1343 2501">
     <span class='ocr_line' id='line_1_8' title="bbox 323 1180 1343 1263; baseline 0.005 -20"><span class='ocrx_word' id='word_1_55' title='bbox 323 1183 350 1259; x_wconf 91' lang='lat'>3,</span> <span class='ocrx_word' id='word_1_56' title='bbox 376 1184 394 1243; x_wconf 81' lang='lat'><strong>7</strong></span> <span class='ocrx_word' id='word_1_57' title='bbox 417 1181 442 1244; x_wconf 93' lang='lat' dir='ltr'>P</span> <span class='ocrx_word' id='word_1_58' title='bbox 463 1182 500 1246; x_wconf 84' lang='lat' dir='ltr'>r&#39;d</span> <span class='ocrx_word' id='word_1_59' title='bbox 520 1182 605 1263; x_wconf 85' lang='lat' dir='ltr'>quod</span> <span class='ocrx_word' id='word_1_60' title='bbox 625 1181 661 1244; x_wconf 86' lang='lat' dir='ltr'>r&#39;u</span> <span class='ocrx_word' id='word_1_61' title='bbox 689 1180 834 1245; x_wconf 70' lang='lat' dir='ltr'>oduusr&#39;s</span> <span class='ocrx_word' id='word_1_62' title='bbox 862 1181 954 1246; x_wconf 82' lang='lat' dir='ltr'>rebus</span> <span class='ocrx_word' id='word_1_63' title='bbox 984 1181 1063 1247; x_wconf 82' lang='lat' dir='ltr'>solet</span> <span class='ocrx_word' id='word_1_64' title='bbox 1088 1181 1168 1262; x_wconf 76' lang='lat' dir='ltr'>fieri,</span> <span class='ocrx_word' id='word_1_65' title='bbox 1198 1183 1280 1248; x_wconf 77' lang='lat' dir='ltr'>elius</span> <span class='ocrx_word' id='word_1_66' title='bbox 1307 1185 1343 1248; x_wconf 85' lang='lat' dir='ltr'>r&#39;u</span> 
     </span>
     <span class='ocr_line' id='line_1_9' title="bbox 193 1281 1341 1370; baseline 0.003 -22"><span class='ocrx_word' id='word_1_67' title='bbox 193 1282 292 1348; x_wconf 83' lang='lat' dir='ltr'>elium</span> <span class='ocrx_word' id='word_1_68' title='bbox 325 1284 446 1363; x_wconf 66' lang='lat' dir='ltr'>rubram</span> <span class='ocrx_word' id='word_1_69' title='bbox 479 1281 664 1366; x_wconf 82' lang='lat' dir='ltr'>referebant.</span> <span class='ocrx_word' id='word_1_70' title='bbox 716 1283 834 1367; x_wconf 85' lang='lat' dir='ltr'><strong>reliqui</strong></span> <span class='ocrx_word' id='word_1_71' title='bbox 868 1284 1014 1368; x_wconf 82' lang='lat' dir='ltr'>plerique</span> <span class='ocrx_word' id='word_1_72' title='bbox 1048 1285 1099 1351; x_wconf 83' lang='lat' dir='ltr'>lu&#39;e</span> <span class='ocrx_word' id='word_1_73' title='bbox 1125 1306 1185 1370; x_wconf 92' lang='lat' dir='ltr'>pro</span> <span class='ocrx_word' id='word_1_74' title='bbox 1213 1288 1257 1365; x_wconf 85' lang='lat' dir='ltr'>r&#39;d,</span> <span class='ocrx_word' id='word_1_75' title='bbox 1292 1288 1341 1351; x_wconf 89' lang='lat' dir='ltr'>ed.</span> 
     </span>
     <span class='ocr_line' id='line_1_10' title="bbox 192 1386 1342 1469; baseline 0.002 -19"><span class='ocrx_word' id='word_1_76' title='bbox 192 1386 338 1450; x_wconf 85' lang='lat' dir='ltr'>Merulae</span> <span class='ocrx_word' id='word_1_77' title='bbox 355 1392 463 1451; x_wconf 89' lang='lat' dir='ltr'>tamen</span> <span class='ocrx_word' id='word_1_78' title='bbox 485 1387 549 1451; x_wconf 80' lang='lat' dir='ltr'>boe.</span> <span class='ocrx_word' id='word_1_79' title='bbox 595 1388 707 1468; x_wconf 90' lang='lat' dir='ltr'>itaque</span> <span class='ocrx_word' id='word_1_80' title='bbox 724 1387 789 1450; x_wconf 90' lang='lat' dir='ltr'>iam</span> <span class='ocrx_word' id='word_1_81' title='bbox 807 1386 872 1466; x_wconf 79' lang='lat' dir='ltr'>ille,</span> <span class='ocrx_word' id='word_1_82' title='bbox 897 1389 953 1469; x_wconf 92' lang='lat' dir='ltr'>qui</span> <span class='ocrx_word' id='word_1_83' title='bbox 973 1389 1059 1452; x_wconf 90' lang='lat' dir='ltr'>inter</span> <span class='ocrx_word' id='word_1_84' title='bbox 1077 1387 1219 1455; x_wconf 76' lang='lat' dir='ltr'>editores</span> <span class='ocrx_word' id='word_1_85' title='bbox 1238 1386 1342 1453; x_wconf 83' lang='lat' dir='ltr'>Curtii</span> 
     </span>
     <span class='ocr_line' id='line_1_11' title="bbox 123 1487 1341 1577; baseline 0.002 -25"><span class='ocrx_word' id='word_1_86' title='bbox 123 1570 127 1577; x_wconf 26' lang='grc' dir='ltr'><strong><em>ι</em></strong></span> <span class='ocrx_word' id='word_1_87' title='bbox 192 1487 260 1553; x_wconf 82' lang='lat' dir='ltr'>fere</span> <span class='ocrx_word' id='word_1_88' title='bbox 279 1490 526 1571; x_wconf 86' lang='lat' dir='ltr'>antiquissimus</span> <span class='ocrx_word' id='word_1_89' title='bbox 540 1495 590 1554; x_wconf 88' lang='lat' dir='ltr'>est</span> <span class='ocrx_word' id='word_1_90' title='bbox 607 1495 640 1554; x_wconf 88' lang='lat' dir='ltr'>et</span> <span class='ocrx_word' id='word_1_91' title='bbox 659 1495 747 1555; x_wconf 87' lang='lat' dir='ltr'>certe</span> <span class='ocrx_word' id='word_1_92' title='bbox 767 1491 890 1572; x_wconf 90' lang='lat' dir='ltr'>primus</span> <span class='ocrx_word' id='word_1_93' title='bbox 903 1491 1048 1576; x_wconf 87' lang='lat' dir='ltr'>aliquam</span> <span class='ocrx_word' id='word_1_94' title='bbox 1067 1493 1224 1557; x_wconf 90' lang='lat' dir='ltr'>orationis</span> <span class='ocrx_word' id='word_1_95' title='bbox 1243 1493 1341 1556; x_wconf 89' lang='lat' dir='ltr'>easti-</span> 
     </span>
     <span class='ocr_line' id='line_1_12' title="bbox 191 1592 1339 1678; baseline 0.001 -21"><span class='ocrx_word' id='word_1_96' title='bbox 191 1592 320 1675; x_wconf 85' lang='lat' dir='ltr'>gandae</span> <span class='ocrx_word' id='word_1_97' title='bbox 349 1613 461 1657; x_wconf 90' lang='lat' dir='ltr'>curam</span> <span class='ocrx_word' id='word_1_98' title='bbox 484 1592 643 1672; x_wconf 88' lang='lat' dir='ltr'>adhibuit,</span> <span class='ocrx_word' id='word_1_99' title='bbox 670 1595 705 1657; x_wconf 92' lang='lat' dir='ltr'>in</span> <span class='ocrx_word' id='word_1_100' title='bbox 734 1593 941 1675; x_wconf 82' lang='lat' dir='ltr'>uolgatorum</span> <span class='ocrx_word' id='word_1_101' title='bbox 971 1616 1032 1658; x_wconf 92' lang='lat' dir='ltr'>usu</span> <span class='ocrx_word' id='word_1_102' title='bbox 1061 1596 1208 1660; x_wconf 88' lang='lat' dir='ltr'>codicum</span> <span class='ocrx_word' id='word_1_103' title='bbox 1237 1596 1339 1678; x_wconf 89' lang='lat' dir='ltr'>scrip·</span> 
     </span>
     <span class='ocr_line' id='line_1_13' title="bbox 193 1696 1342 1779; baseline 0.002 -19"><span class='ocrx_word' id='word_1_104' title='bbox 193 1702 269 1760; x_wconf 87' lang='lat' dir='ltr'>tura</span> <span class='ocrx_word' id='word_1_105' title='bbox 295 1696 401 1760; x_wconf 92' lang='lat' dir='ltr'>noluit</span> <span class='ocrx_word' id='word_1_106' title='bbox 430 1697 647 1779; x_wconf 88' lang='lat' dir='ltr'>acquiescere.</span> <span class='ocrx_word' id='word_1_107' title='bbox 694 1702 793 1778; x_wconf 89' lang='lat' dir='ltr'>atque</span> <span class='ocrx_word' id='word_1_108' title='bbox 823 1696 892 1762; x_wconf 88' lang='lat' dir='ltr'>sine</span> <span class='ocrx_word' id='word_1_109' title='bbox 917 1696 1026 1778; x_wconf 87' lang='lat' dir='ltr'>dubio,</span> <span class='ocrx_word' id='word_1_110' title='bbox 1056 1698 1083 1762; x_wconf 91' lang='lat' dir='ltr'>si</span> <span class='ocrx_word' id='word_1_111' title='bbox 1113 1720 1224 1763; x_wconf 91' lang='lat' dir='ltr'>uerum</span> <span class='ocrx_word' id='word_1_112' title='bbox 1255 1705 1342 1763; x_wconf 90' lang='lat' dir='ltr'>esset</span> 
     </span>
     <span class='ocr_line' id='line_1_14' title="bbox 192 1797 1340 1882; baseline 0.001 -20"><span class='ocrx_word' id='word_1_113' title='bbox 192 1797 252 1877; x_wconf 80' lang='lat' dir='ltr'>bie,</span> <span class='ocrx_word' id='word_1_114' title='bbox 277 1799 306 1863; x_wconf 92' lang='lat' dir='ltr'>ei</span> <span class='ocrx_word' id='word_1_115' title='bbox 324 1797 457 1864; x_wconf 82' lang='lat' dir='ltr'>Curtius</span> <span class='ocrx_word' id='word_1_116' title='bbox 481 1820 602 1882; x_wconf 82' lang='lat' dir='ltr'>queque</span> <span class='ocrx_word' id='word_1_117' title='bbox 625 1799 857 1864; x_wconf 89' lang='lat' dir='ltr'>subiunxisset.</span> <span class='ocrx_word' id='word_1_118' title='bbox 892 1821 979 1864; x_wconf 87' lang='lat' dir='ltr'>nunc</span> <span class='ocrx_word' id='word_1_119' title='bbox 1002 1801 1156 1882; x_wconf 88' lang='lat' dir='ltr'>quoniam</span> <span class='ocrx_word' id='word_1_120' title='bbox 1173 1801 1340 1865; x_wconf 83' lang='lat' dir='ltr'>Parisinus</span> 
     </span>
     <span class='ocr_line' id='line_1_15' title="bbox 193 1901 1340 1987; baseline 0.001 -22"><span class='ocrx_word' id='word_1_121' title='bbox 193 1901 295 1966; x_wconf 89' lang='lat' dir='ltr'>codex</span> <span class='ocrx_word' id='word_1_122' title='bbox 324 1901 481 1967; x_wconf 90' lang='lat' dir='ltr'>aduerbio</span> <span class='ocrx_word' id='word_1_123' title='bbox 514 1903 577 1968; x_wconf 90' lang='lat' dir='ltr'>loci</span> <span class='ocrx_word' id='word_1_124' title='bbox 609 1903 644 1967; x_wconf 93' lang='lat' dir='ltr'>id</span> <span class='ocrx_word' id='word_1_125' title='bbox 676 1923 855 1985; x_wconf 88' lang='lat' dir='ltr'>pronomen</span> <span class='ocrx_word' id='word_1_126' title='bbox 885 1902 1065 1984; x_wconf 89' lang='lat' dir='ltr'>substituit,</span> <span class='ocrx_word' id='word_1_127' title='bbox 1099 1903 1189 1987; x_wconf 90' lang='lat' dir='ltr'>quod</span> <span class='ocrx_word' id='word_1_128' title='bbox 1223 1905 1256 1969; x_wconf 90' lang='lat' dir='ltr'>in</span> <span class='ocrx_word' id='word_1_129' title='bbox 1290 1904 1340 1967; x_wconf 90' lang='lat' dir='ltr'>his</span> 
     </span>
     <span class='ocr_line' id='line_1_16' title="bbox 191 2004 1340 2090; baseline 0.002 -22"><span class='ocrx_word' id='word_1_130' title='bbox 191 2004 342 2069; x_wconf 88' lang='lat' dir='ltr'>relatiuis</span> <span class='ocrx_word' id='word_1_131' title='bbox 360 2006 530 2071; x_wconf 89' lang='lat' dir='ltr'>sententiis</span> <span class='ocrx_word' id='word_1_132' title='bbox 547 2007 788 2071; x_wconf 83' lang='lat' dir='ltr'>continuationi</span> <span class='ocrx_word' id='word_1_133' title='bbox 805 2006 964 2070; x_wconf 88' lang='lat' dir='ltr'>sermonis</span> <span class='ocrx_word' id='word_1_134' title='bbox 982 2007 1188 2090; x_wconf 89' lang='lat' dir='ltr'>interpositis</span> <span class='ocrx_word' id='word_1_135' title='bbox 1205 2007 1340 2089; x_wconf 83' lang='lat' dir='ltr'>uolgare</span> 
     </span>
     <span class='ocr_line' id='line_1_17' title="bbox 192 2108 1341 2200; baseline 0.003 -30"><span class='ocrx_word' id='word_1_136' title='bbox 192 2111 252 2187; x_wconf 82' lang='lat' dir='ltr'>est,</span> <span class='ocrx_word' id='word_1_137' title='bbox 277 2128 314 2172; x_wconf 90' lang='lat' dir='ltr'>ea</span> <span class='ocrx_word' id='word_1_138' title='bbox 338 2110 503 2190; x_wconf 85' lang='lat' dir='ltr'>scriptura</span> <span class='ocrx_word' id='word_1_139' title='bbox 530 2109 578 2174; x_wconf 90' lang='lat' dir='ltr'>ita</span> <span class='ocrx_word' id='word_1_140' title='bbox 599 2108 789 2191; x_wconf 88' lang='lat' dir='ltr'>recipienda</span> <span class='ocrx_word' id='word_1_141' title='bbox 819 2109 890 2185; x_wconf 87' lang='lat' dir='ltr'>erit,</span> <span class='ocrx_word' id='word_1_142' title='bbox 917 2116 951 2172; x_wconf 90' lang='lat' dir='ltr'>ut</span> <span class='ocrx_word' id='word_1_143' title='bbox 980 2113 1057 2173; x_wconf 90' lang='lat' dir='ltr'>ante</span> <span class='ocrx_word' id='word_1_144' title='bbox 1080 2130 1260 2200; x_wconf 89' lang='lat' dir='ltr'>pronomen</span> <span class='ocrx_word' id='word_1_145' title='bbox 1283 2111 1341 2173; x_wconf 86' lang='lat' dir='ltr'>a&#39;ut</span> 
     </span>
     <span class='ocr_line' id='line_1_18' title="bbox 193 2210 1341 2297; baseline 0.003 -24"><span class='ocrx_word' id='word_1_146' title='bbox 193 2215 273 2292; x_wconf 87' lang='lat' dir='ltr'>apta</span> <span class='ocrx_word' id='word_1_147' title='bbox 295 2211 489 2290; x_wconf 88' lang='lat' dir='ltr'>coniunctio,</span> <span class='ocrx_word' id='word_1_148' title='bbox 519 2211 612 2276; x_wconf 92' lang='lat' dir='ltr'>uelut</span> <span class='ocrx_word' id='word_1_149' title='bbox 634 2217 777 2290; x_wconf 79' lang='lat' dir='ltr'>ceterum,</span> <span class='ocrx_word' id='word_1_150' title='bbox 806 2218 865 2276; x_wconf 90' lang='lat' dir='ltr'>aut</span> <span class='ocrx_word' id='word_1_151' title='bbox 892 2210 1084 2297; x_wconf 89' lang='lat' dir='ltr'>aduerbium</span> <span class='ocrx_word' id='word_1_152' title='bbox 1108 2213 1274 2296; x_wconf 70' lang='lat' dir='ltr'>temporis</span> <span class='ocrx_word' id='word_1_153' title='bbox 1303 2219 1341 2277; x_wconf 90' lang='lat' dir='ltr'>ut</span> 
     </span>
     <span class='ocr_line' id='line_1_19' title="bbox 190 2313 1341 2399; baseline 0.003 -24"><span class='ocrx_word' id='word_1_154' title='bbox 190 2313 275 2394; x_wconf 78' lang='lat' dir='ltr'>iude,</span> <span class='ocrx_word' id='word_1_155' title='bbox 299 2313 450 2379; x_wconf 90' lang='lat' dir='ltr'>addatur.</span> <span class='ocrx_word' id='word_1_156' title='bbox 501 2321 534 2379; x_wconf 92' lang='lat' dir='ltr'>et</span> <span class='ocrx_word' id='word_1_157' title='bbox 556 2335 635 2380; x_wconf 90' lang='lat' dir='ltr'>casu</span> <span class='ocrx_word' id='word_1_158' title='bbox 658 2316 689 2377; x_wconf 91' lang='lat' dir='ltr'>in</span> <span class='ocrx_word' id='word_1_159' title='bbox 714 2316 870 2398; x_wconf 88' lang='lat' dir='ltr'>proximis</span> <span class='ocrx_word' id='word_1_160' title='bbox 894 2315 981 2379; x_wconf 88' lang='lat' dir='ltr'>circa</span> <span class='ocrx_word' id='word_1_161' title='bbox 1004 2316 1222 2399; x_wconf 86' lang='lat' dir='ltr'>paragraphis</span> <span class='ocrx_word' id='word_1_162' title='bbox 1245 2314 1341 2398; x_wconf 90' lang='lat' dir='ltr'>plura</span> 
     </span>
     <span class='ocr_line' id='line_1_20' title="bbox 191 2414 1288 2501; baseline -0.002 -21"><span class='ocrx_word' id='word_1_163' title='bbox 191 2414 294 2480; x_wconf 83' lang='lat' dir='ltr'>ue&#39;rba</span> <span class='ocrx_word' id='word_1_164' title='bbox 317 2417 563 2495; x_wconf 82' lang='lat' dir='ltr'>interciderunt,</span> <span class='ocrx_word' id='word_1_165' title='bbox 588 2417 679 2481; x_wconf 89' lang='lat' dir='ltr'>uelut</span> <span class='ocrx_word' id='word_1_166' title='bbox 702 2415 718 2498; x_wconf 62' lang='grc' dir='ltr'><strong>ἓ</strong></span> <span class='ocrx_word' id='word_1_167' title='bbox 742 2422 761 2480; x_wconf 86' lang='grc'>4</span> <span class='ocrx_word' id='word_1_168' title='bbox 784 2415 878 2481; x_wconf 83' lang='lat' dir='ltr'>‘imae</span> <span class='ocrx_word' id='word_1_169' title='bbox 901 2418 1017 2499; x_wconf 92' lang='lat' dir='ltr'>modo’,</span> <span class='ocrx_word' id='word_1_170' title='bbox 1041 2417 1059 2501; x_wconf 60' lang='grc' dir='ltr'><strong>ἓ</strong></span> <span class='ocrx_word' id='word_1_171' title='bbox 1084 2423 1101 2482; x_wconf 83' lang='grc'>5</span> <span class='ocrx_word' id='word_1_172' title='bbox 1125 2417 1288 2483; x_wconf 88' lang='lat' dir='ltr'>‘mallent’.</span> 
     </span>
    </p>

    <p class='ocr_par' dir='ltr' id='par_1_4' title="bbox 189 2520 1340 3118">
     <span class='ocr_line' id='line_1_21' title="bbox 321 2520 1340 2610; baseline 0.002 -28"><span class='ocrx_word' id='word_1_173' title='bbox 321 2522 391 2610; x_wconf 26' lang='grc'>3,,9</span> <span class='ocrx_word' id='word_1_174' title='bbox 415 2520 560 2601; x_wconf 83' lang='lat' dir='ltr'>Pauper</span> <span class='ocrx_word' id='word_1_175' title='bbox 590 2540 675 2600; x_wconf 81' lang='lat' dir='ltr'>quur,</span> <span class='ocrx_word' id='word_1_176' title='bbox 699 2540 762 2584; x_wconf 93' lang='lat' dir='ltr'>non</span> <span class='ocrx_word' id='word_1_177' title='bbox 791 2540 955 2602; x_wconf 79' lang='lat' dir='ltr'>superque,</span> <span class='ocrx_word' id='word_1_178' title='bbox 983 2528 1016 2587; x_wconf 89' lang='lat' dir='ltr'>et</span> <span class='ocrx_word' id='word_1_179' title='bbox 1045 2522 1199 2604; x_wconf 90' lang='lat' dir='ltr'>quoniam</span> <span class='ocrx_word' id='word_1_180' title='bbox 1222 2520 1340 2604; x_wconf 84' lang='lat' dir='ltr'>‘super&#39;</span> 
     </span>
     <span class='ocr_line' id='line_1_22' title="bbox 192 2621 1339 2706; baseline 0.001 -21"><span class='ocrx_word' id='word_1_181' title='bbox 192 2642 321 2705; x_wconf 89' lang='lat' dir='ltr'>semper</span> <span class='ocrx_word' id='word_1_182' title='bbox 343 2621 422 2686; x_wconf 90' lang='lat' dir='ltr'>alibi</span> <span class='ocrx_word' id='word_1_183' title='bbox 445 2623 533 2706; x_wconf 92' lang='lat' dir='ltr'>apud</span> <span class='ocrx_word' id='word_1_184' title='bbox 553 2621 700 2687; x_wconf 86' lang='lat' dir='ltr'>Curtium</span> <span class='ocrx_word' id='word_1_185' title='bbox 724 2624 925 2706; x_wconf 87' lang='lat' dir='ltr'>praepositio</span> <span class='ocrx_word' id='word_1_186' title='bbox 949 2631 1007 2703; x_wconf 91' lang='lat' dir='ltr'>est,</span> <span class='ocrx_word' id='word_1_187' title='bbox 1030 2623 1107 2688; x_wconf 86' lang='lat' dir='ltr'>huic</span> <span class='ocrx_word' id='word_1_188' title='bbox 1130 2625 1268 2706; x_wconf 86' lang='lat' dir='ltr'>uestigio</span> <span class='ocrx_word' id='word_1_189' title='bbox 1291 2624 1339 2687; x_wconf 90' lang='lat' dir='ltr'>in-</span> 
     </span>
     <span class='ocr_line' id='line_1_23' title="bbox 191 2724 1340 2809; baseline 0.001 -19"><span class='ocrx_word' id='word_1_190' title='bbox 191 2726 345 2790; x_wconf 86' lang='lat' dir='ltr'>sistentes</span> <span class='ocrx_word' id='word_1_191' title='bbox 370 2724 551 2790; x_wconf 86' lang='lat' dir='ltr'>scribamus</span> <span class='ocrx_word' id='word_1_192' title='bbox 574 2745 727 2806; x_wconf 77' lang='lat' dir='ltr'>superque</span> <span class='ocrx_word' id='word_1_193' title='bbox 749 2744 826 2804; x_wconf 85' lang='lat' dir='ltr'>eoru,</span> <span class='ocrx_word' id='word_1_194' title='bbox 849 2732 887 2789; x_wconf 90' lang='lat' dir='ltr'>ut</span> <span class='ocrx_word' id='word_1_195' title='bbox 909 2724 926 2806; x_wconf 63' lang='grc' dir='ltr'><strong>ἓ</strong></span> <span class='ocrx_word' id='word_1_196' title='bbox 947 2731 984 2790; x_wconf 83' lang='lat'>15</span> <span class='ocrx_word' id='word_1_197' title='bbox 1009 2728 1181 2809; x_wconf 87' lang='lat' dir='ltr'>‘superque</span> <span class='ocrx_word' id='word_1_198' title='bbox 1205 2726 1279 2792; x_wconf 88' lang='lat' dir='ltr'>eos’.</span> <span class='ocrx_word' id='word_1_199' title='bbox 1299 2761 1340 2772; x_wconf 94' lang='lat'>-</span> 
     </span>
     <span class='ocr_line' id='line_1_24' title="bbox 190 2825 1339 2910; baseline 0.001 -19"><span class='ocrx_word' id='word_1_200' title='bbox 190 2827 256 2892; x_wconf 90' lang='lat' dir='ltr'>ibd.</span> <span class='ocrx_word' id='word_1_201' title='bbox 287 2825 303 2909; x_wconf 67' lang='grc' dir='ltr'><strong>ἓ</strong></span> <span class='ocrx_word' id='word_1_202' title='bbox 335 2832 372 2891; x_wconf 87' lang='grc'>13</span> <span class='ocrx_word' id='word_1_203' title='bbox 402 2828 426 2892; x_wconf 90' lang='grc' dir='ltr'>Ρ</span> <span class='ocrx_word' id='word_1_204' title='bbox 454 2829 536 2893; x_wconf 79' lang='lat' dir='ltr'>uadi</span> <span class='ocrx_word' id='word_1_205' title='bbox 565 2828 641 2907; x_wconf 79' lang='lat' dir='ltr'>orsi,</span> <span class='ocrx_word' id='word_1_206' title='bbox 676 2829 776 2892; x_wconf 89' lang='lat' dir='ltr'>ceteri</span> <span class='ocrx_word' id='word_1_207' title='bbox 803 2829 943 2910; x_wconf 77' lang='lat' dir='ltr'>undique</span> <span class='ocrx_word' id='word_1_208' title='bbox 969 2848 1007 2909; x_wconf 78' lang='lat' dir='ltr'>o,</span> <span class='ocrx_word' id='word_1_209' title='bbox 1037 2830 1093 2894; x_wconf 87' lang='lat' dir='ltr'>sed</span> <span class='ocrx_word' id='word_1_210' title='bbox 1123 2829 1339 2910; x_wconf 85' lang='lat' dir='ltr'>fragmentum</span> 
     </span>
     <span class='ocr_line' id='line_1_25' title="bbox 190 2930 1338 3014; baseline 0.001 -19"><span class='ocrx_word' id='word_1_211' title='bbox 190 2931 282 2996; x_wconf 89' lang='lat' dir='ltr'>uocis</span> <span class='ocrx_word' id='word_1_212' title='bbox 304 2930 416 3014; x_wconf 89' lang='lat' dir='ltr'>paullo</span> <span class='ocrx_word' id='word_1_213' title='bbox 440 2938 515 2996; x_wconf 88' lang='lat' dir='ltr'>ante</span> <span class='ocrx_word' id='word_1_214' title='bbox 539 2937 668 3014; x_wconf 90' lang='lat' dir='ltr'>tempus</span> <span class='ocrx_word' id='word_1_215' title='bbox 690 2943 800 2996; x_wconf 85' lang='lat' dir='ltr'>errore</span> <span class='ocrx_word' id='word_1_216' title='bbox 823 2931 982 3014; x_wconf 89' lang='lat' dir='ltr'>scriptum</span> <span class='ocrx_word' id='word_1_217' title='bbox 1007 2965 1049 2977; x_wconf 88' lang='lat'>—</span> <span class='ocrx_word' id='word_1_218' title='bbox 1078 2952 1153 2996; x_wconf 88' lang='lat' dir='ltr'>nam</span> <span class='ocrx_word' id='word_1_219' title='bbox 1177 2939 1252 3014; x_wconf 90' lang='lat' dir='ltr'>post</span> <span class='ocrx_word' id='word_1_220' title='bbox 1275 2932 1338 2996; x_wconf 92' lang='lat' dir='ltr'>duo</span> 
     </span>
     <span class='ocr_line' id='line_1_26' title="bbox 189 3033 1008 3118; baseline 0.002 -21"><span class='ocrx_word' id='word_1_221' title='bbox 189 3033 293 3098; x_wconf 90' lang='lat' dir='ltr'>uerba</span> <span class='ocrx_word' id='word_1_222' title='bbox 317 3034 468 3117; x_wconf 89' lang='lat' dir='ltr'>sequitur</span> <span class='ocrx_word' id='word_1_223' title='bbox 490 3033 654 3118; x_wconf 84' lang='lat' dir='ltr'>‘undique’</span> <span class='ocrx_word' id='word_1_224' title='bbox 677 3069 728 3116; x_wconf 91' lang='lat'>—,</span> <span class='ocrx_word' id='word_1_225' title='bbox 753 3033 927 3098; x_wconf 90' lang='lat' dir='ltr'>delendum</span> <span class='ocrx_word' id='word_1_226' title='bbox 950 3040 1008 3099; x_wconf 89' lang='lat' dir='ltr'>est.</span> 
     </span>
    </p>

    <p class='ocr_par' dir='ltr' id='par_1_5' title="bbox 189 3135 1340 4053">
     <span class='ocr_line' id='line_1_27' title="bbox 320 3135 1340 3220; baseline 0.002 -20"><span class='ocrx_word' id='word_1_227' title='bbox 320 3141 348 3217; x_wconf 87' lang='lat'>3,</span> <span class='ocrx_word' id='word_1_228' title='bbox 373 3140 413 3201; x_wconf 79' lang='lat'>22</span> <span class='ocrx_word' id='word_1_229' title='bbox 437 3137 530 3202; x_wconf 88' lang='lat' dir='ltr'>codd.</span> <span class='ocrx_word' id='word_1_230' title='bbox 565 3135 735 3220; x_wconf 63' lang='lat' dir='ltr'>Sporum</span> <span class='ocrx_word' id='word_1_231' title='bbox 753 3138 790 3201; x_wconf 81' lang='lat' dir='ltr'>id</span> <span class='ocrx_word' id='word_1_232' title='bbox 810 3137 1014 3202; x_wconf 77' lang='lat' dir='ltr'>simulacrum</span> <span class='ocrx_word' id='word_1_233' title='bbox 1033 3139 1223 3203; x_wconf 76' lang='lat' dir='ltr'>demeruerant</span> <span class='ocrx_word' id='word_1_234' title='bbox 1240 3137 1340 3202; x_wconf 78' lang='lat' dir='ltr'>Poeni</span> 
     </span>
     <span class='ocr_line' id='line_1_28' title="bbox 191 3239 1339 3332; baseline 0.003 -29"><span class='ocrx_word' id='word_1_235' title='bbox 191 3245 222 3304; x_wconf 83' lang='lat' dir='ltr'>et</span> <span class='ocrx_word' id='word_1_236' title='bbox 247 3241 283 3304; x_wconf 82' lang='lat' dir='ltr'>r&#39;rr</span> <span class='ocrx_word' id='word_1_237' title='bbox 310 3241 428 3305; x_wconf 82' lang='lat' dir='ltr'>maiore</span> <span class='ocrx_word' id='word_1_238' title='bbox 457 3243 636 3307; x_wconf 82' lang='lat' dir='ltr'>locauerunt</span> <span class='ocrx_word' id='word_1_239' title='bbox 656 3240 777 3321; x_wconf 82' lang='lat' dir='ltr'>petria.</span> <span class='ocrx_word' id='word_1_240' title='bbox 823 3242 879 3332; x_wconf 87' lang='lat' dir='ltr'>sic</span> <span class='ocrx_word' id='word_1_241' title='bbox 904 3242 1008 3306; x_wconf 90' lang='lat' dir='ltr'>maior</span> <span class='ocrx_word' id='word_1_242' title='bbox 1035 3248 1131 3306; x_wconf 90' lang='lat' dir='ltr'>uetus</span> <span class='ocrx_word' id='word_1_243' title='bbox 1169 3239 1339 3324; x_wconf 83' lang='lat' dir='ltr'>significet,</span> 
     </span>
     <span class='ocr_line' id='line_1_29' title="bbox 190 3344 1340 3426; baseline 0 -18"><span class='ocrx_word' id='word_1_244' title='bbox 190 3365 322 3410; x_wconf 89' lang='lat' dir='ltr'>necesse</span> <span class='ocrx_word' id='word_1_245' title='bbox 351 3352 410 3425; x_wconf 88' lang='lat' dir='ltr'>est,</span> <span class='ocrx_word' id='word_1_246' title='bbox 440 3345 497 3410; x_wconf 90' lang='lat' dir='ltr'>sed</span> <span class='ocrx_word' id='word_1_247' title='bbox 525 3345 607 3410; x_wconf 89' lang='lat' dir='ltr'>haec</span> <span class='ocrx_word' id='word_1_248' title='bbox 634 3344 728 3409; x_wconf 92' lang='lat' dir='ltr'>uerbi</span> <span class='ocrx_word' id='word_1_249' title='bbox 755 3345 806 3408; x_wconf 86' lang='lat' dir='ltr'>uis</span> <span class='ocrx_word' id='word_1_250' title='bbox 836 3344 988 3426; x_wconf 85' lang='lat' dir='ltr'>frequens</span> <span class='ocrx_word' id='word_1_251' title='bbox 1017 3350 1050 3409; x_wconf 89' lang='lat' dir='ltr'>et</span> <span class='ocrx_word' id='word_1_252' title='bbox 1078 3345 1203 3408; x_wconf 90' lang='lat' dir='ltr'>usitata</span> <span class='ocrx_word' id='word_1_253' title='bbox 1230 3350 1340 3408; x_wconf 91' lang='lat' dir='ltr'>tamen</span> 
     </span>
     <span class='ocr_line' id='line_1_30' title="bbox 189 3447 1339 3525; baseline 0.002 -14"><span class='ocrx_word' id='word_1_254' title='bbox 189 3447 379 3513; x_wconf 89' lang='lat' dir='ltr'>hominibus</span> <span class='ocrx_word' id='word_1_255' title='bbox 410 3448 654 3514; x_wconf 89' lang='lat' dir='ltr'>continebatur:</span> <span class='ocrx_word' id='word_1_256' title='bbox 689 3469 758 3512; x_wconf 91' lang='lat' dir='ltr'>rem</span> <span class='ocrx_word' id='word_1_257' title='bbox 787 3448 853 3513; x_wconf 90' lang='lat' dir='ltr'>alia</span> <span class='ocrx_word' id='word_1_258' title='bbox 882 3447 1068 3525; x_wconf 90' lang='lat' dir='ltr'>‘maiorem&#39;,</span> <span class='ocrx_word' id='word_1_259' title='bbox 1104 3448 1135 3511; x_wconf 90' lang='lat' dir='ltr'>id</span> <span class='ocrx_word' id='word_1_260' title='bbox 1166 3453 1217 3512; x_wconf 88' lang='lat' dir='ltr'>est</span> <span class='ocrx_word' id='word_1_261' title='bbox 1244 3453 1339 3513; x_wconf 90' lang='lat' dir='ltr'>uetu-</span> 
     </span>
     <span class='ocr_line' id='line_1_31' title="bbox 192 3549 1340 3632; baseline -0.001 -16"><span class='ocrx_word' id='word_1_262' title='bbox 192 3552 326 3616; x_wconf 88' lang='lat' dir='ltr'>stiorem</span> <span class='ocrx_word' id='word_1_263' title='bbox 351 3573 430 3631; x_wconf 90' lang='lat' dir='ltr'>esse,</span> <span class='ocrx_word' id='word_1_264' title='bbox 454 3551 564 3616; x_wconf 91' lang='lat' dir='ltr'>Latini</span> <span class='ocrx_word' id='word_1_265' title='bbox 586 3572 650 3616; x_wconf 92' lang='lat' dir='ltr'>non</span> <span class='ocrx_word' id='word_1_266' title='bbox 674 3550 838 3616; x_wconf 90' lang='lat' dir='ltr'>dicebant.</span> <span class='ocrx_word' id='word_1_267' title='bbox 883 3550 991 3615; x_wconf 85' lang='lat' dir='ltr'>fuerat</span> <span class='ocrx_word' id='word_1_268' title='bbox 1013 3552 1114 3632; x_wconf 84' lang='lat' dir='ltr'>igitur</span> <span class='ocrx_word' id='word_1_269' title='bbox 1141 3549 1283 3615; x_wconf 84' lang='lat' dir='ltr'>fortasse</span> <span class='ocrx_word' id='word_1_270' title='bbox 1305 3552 1340 3615; x_wconf 93' lang='lat' dir='ltr'>in</span> 
     </span>
     <span class='ocr_line' id='line_1_32' title="bbox 191 3653 1337 3738; baseline -0.001 -21"><span class='ocrx_word' id='word_1_271' title='bbox 191 3656 327 3738; x_wconf 91' lang='lat' dir='ltr'>antiquo</span> <span class='ocrx_word' id='word_1_272' title='bbox 351 3655 474 3731; x_wconf 84' lang='lat' dir='ltr'>codice,</span> <span class='ocrx_word' id='word_1_273' title='bbox 497 3654 630 3737; x_wconf 81' lang='lat' dir='ltr'>uolgato</span> <span class='ocrx_word' id='word_1_274' title='bbox 655 3655 858 3738; x_wconf 90' lang='lat' dir='ltr'>compendio,</span> <span class='ocrx_word' id='word_1_275' title='bbox 882 3655 993 3733; x_wconf 76' lang='lat' dir='ltr'>maior,</span> <span class='ocrx_word' id='word_1_276' title='bbox 1017 3654 1079 3718; x_wconf 91' lang='lat' dir='ltr'>hoc</span> <span class='ocrx_word' id='word_1_277' title='bbox 1102 3658 1151 3717; x_wconf 89' lang='lat' dir='ltr'>est</span> <span class='ocrx_word' id='word_1_278' title='bbox 1173 3653 1337 3717; x_wconf 82' lang='lat' dir='ltr'>maiorum.</span> 
     </span>
     <span class='ocr_line' id='line_1_33' title="bbox 191 3754 1338 3840; baseline -0.001 -20"><span class='ocrx_word' id='word_1_279' title='bbox 191 3792 233 3802; x_wconf 92' lang='lat'>-</span> <span class='ocrx_word' id='word_1_280' title='bbox 262 3755 342 3840; x_wconf 78' lang='lat'>§26</span> <span class='ocrx_word' id='word_1_281' title='bbox 369 3779 436 3822; x_wconf 91' lang='lat' dir='ltr'>una</span> <span class='ocrx_word' id='word_1_282' title='bbox 457 3757 570 3822; x_wconf 89' lang='lat' dir='ltr'>littera</span> <span class='ocrx_word' id='word_1_283' title='bbox 592 3763 723 3821; x_wconf 88' lang='lat' dir='ltr'>mutata</span> <span class='ocrx_word' id='word_1_284' title='bbox 745 3756 865 3822; x_wconf 88' lang='lat' dir='ltr'>scribd.</span> <span class='ocrx_word' id='word_1_285' title='bbox 894 3758 1064 3837; x_wconf 61' lang='lat' dir='ltr'>demissum</span> <span class='ocrx_word' id='word_1_286' title='bbox 1098 3754 1224 3820; x_wconf 85' lang='lat' dir='ltr'>ferreae</span> <span class='ocrx_word' id='word_1_287' title='bbox 1254 3756 1338 3820; x_wconf 90' lang='lat' dir='ltr'>enim</span> 
     </span>
     <span class='ocr_line' id='line_1_34' title="bbox 190 3858 1340 3939; baseline -0.001 -16"><span class='ocrx_word' id='word_1_288' title='bbox 190 3880 307 3925; x_wconf 89' lang='lat' dir='ltr'>manus</span> <span class='ocrx_word' id='word_1_289' title='bbox 331 3882 347 3924; x_wconf 91' lang='lat' dir='ltr'>e</span> <span class='ocrx_word' id='word_1_290' title='bbox 366 3861 467 3926; x_wconf 88' lang='lat' dir='ltr'>muris</span> <span class='ocrx_word' id='word_1_291' title='bbox 489 3861 522 3924; x_wconf 92' lang='lat' dir='ltr'>in</span> <span class='ocrx_word' id='word_1_292' title='bbox 542 3860 720 3925; x_wconf 89' lang='lat' dir='ltr'>subeuntes</span> <span class='ocrx_word' id='word_1_293' title='bbox 738 3881 802 3925; x_wconf 92' lang='lat' dir='ltr'>non</span> <span class='ocrx_word' id='word_1_294' title='bbox 820 3859 1083 3939; x_wconf 82' lang='lat' dir='ltr'>remittebantur,</span> <span class='ocrx_word' id='word_1_295' title='bbox 1108 3858 1165 3924; x_wconf 91' lang='lat' dir='ltr'>sed</span> <span class='ocrx_word' id='word_1_296' title='bbox 1183 3858 1340 3923; x_wconf 76' lang='lat' dir='ltr'>demissae</span> 
     </span>
     <span class='ocr_line' id='line_1_35' title="bbox 190 3961 966 4053; baseline 0.001 -26"><span class='ocrx_word' id='word_1_297' title='bbox 190 3964 311 4053; x_wconf 79' lang='lat' dir='ltr'>militps</span> <span class='ocrx_word' id='word_1_298' title='bbox 333 3962 525 4046; x_wconf 83' lang='lat' dir='ltr'>rapiebant3</span> <span class='ocrx_word' id='word_1_299' title='bbox 546 3961 586 4028; x_wconf 81' lang='lat' dir='ltr'>ef.</span> <span class='ocrx_word' id='word_1_300' title='bbox 611 3961 627 4046; x_wconf 65' lang='grc' dir='ltr'><strong>ἓ</strong></span> <span class='ocrx_word' id='word_1_301' title='bbox 651 3966 690 4027; x_wconf 79' lang='lat'>25</span> <span class='ocrx_word' id='word_1_302' title='bbox 715 3962 966 4028; x_wconf 89' lang='lat' dir='ltr'>‘deuoluebant’.</span> 
     </span>
    </p>

    <p class='ocr_par' dir='ltr' id='par_1_6' title="bbox 189 4064 1340 4562">
     <span class='ocr_line' id='line_1_36' title="bbox 320 4064 1340 4147; baseline -0.004 -17"><span class='ocrx_word' id='word_1_303' title='bbox 320 4071 347 4147; x_wconf 84' lang='lat'>5,</span> <span class='ocrx_word' id='word_1_304' title='bbox 378 4073 396 4129; x_wconf 81' lang='lat' dir='ltr'>b</span> <span class='ocrx_word' id='word_1_305' title='bbox 424 4066 449 4129; x_wconf 94' lang='lat' dir='ltr'>P</span> <span class='ocrx_word' id='word_1_306' title='bbox 483 4087 517 4130; x_wconf 84' lang='lat' dir='ltr'>se</span> <span class='ocrx_word' id='word_1_307' title='bbox 549 4086 624 4132; x_wconf 87' lang='lat' dir='ltr'>uero</span> <span class='ocrx_word' id='word_1_308' title='bbox 658 4068 700 4130; x_wconf 86' lang='lat' dir='ltr'>ud</span> <span class='ocrx_word' id='word_1_309' title='bbox 725 4067 832 4147; x_wconf 78' lang='lat' dir='ltr'>ipsum</span> <span class='ocrx_word' id='word_1_310' title='bbox 861 4087 972 4132; x_wconf 81' lang='lat' dir='ltr'>uocare</span> <span class='ocrx_word' id='word_1_311' title='bbox 1001 4064 1172 4143; x_wconf 57' lang='lat' dir='ltr'>desinerem</span> <span class='ocrx_word' id='word_1_312' title='bbox 1205 4083 1340 4144; x_wconf 81' lang='lat' dir='ltr'>ueraque</span> 
     </span>
     <span class='ocr_line' id='line_1_37' title="bbox 189 4164 1338 4234; baseline -0.004 -1"><span class='ocrx_word' id='word_1_313' title='bbox 189 4168 280 4234; x_wconf 75' lang='lat' dir='ltr'>illius</span> <span class='ocrx_word' id='word_1_314' title='bbox 310 4170 406 4234; x_wconf 72' lang='lat' dir='ltr'>esitio</span> <span class='ocrx_word' id='word_1_315' title='bbox 436 4189 504 4234; x_wconf 82' lang='lat' dir='ltr'>esse</span> <span class='ocrx_word' id='word_1_316' title='bbox 531 4176 709 4234; x_wconf 78' lang='lat' dir='ltr'>uenturum.</span> <span class='ocrx_word' id='word_1_317' title='bbox 763 4171 809 4233; x_wconf 89' lang='lat' dir='ltr'>sic</span> <span class='ocrx_word' id='word_1_318' title='bbox 838 4176 872 4234; x_wconf 90' lang='lat' dir='ltr'>et</span> <span class='ocrx_word' id='word_1_319' title='bbox 898 4171 932 4232; x_wconf 93' lang='lat' dir='ltr'>in</span> <span class='ocrx_word' id='word_1_320' title='bbox 959 4168 984 4232; x_wconf 93' lang='lat' dir='ltr'>P</span> <span class='ocrx_word' id='word_1_321' title='bbox 1011 4175 1101 4233; x_wconf 88' lang='lat' dir='ltr'>reete</span> <span class='ocrx_word' id='word_1_322' title='bbox 1127 4171 1181 4231; x_wconf 64' lang='lat' dir='ltr'>,est</span> <span class='ocrx_word' id='word_1_323' title='bbox 1209 4173 1241 4229; x_wconf 92' lang='lat' dir='ltr'>et</span> <span class='ocrx_word' id='word_1_324' title='bbox 1264 4164 1338 4229; x_wconf 93' lang='lat' dir='ltr'>ede·</span> 
     </span>
     <span class='ocr_line' id='line_1_38' title="bbox 190 4267 1340 4356; baseline -0.004 -19"><span class='ocrx_word' id='word_1_325' title='bbox 190 4271 288 4337; x_wconf 83' lang='lat' dir='ltr'>batur</span> <span class='ocrx_word' id='word_1_326' title='bbox 315 4279 391 4337; x_wconf 91' lang='lat' dir='ltr'>ante</span> <span class='ocrx_word' id='word_1_327' title='bbox 414 4272 611 4356; x_wconf 86' lang='lat' dir='ltr'>Zumptium,</span> <span class='ocrx_word' id='word_1_328' title='bbox 640 4272 697 4354; x_wconf 93' lang='lat' dir='ltr'>qui</span> <span class='ocrx_word' id='word_1_329' title='bbox 720 4293 759 4336; x_wconf 84' lang='lat' dir='ltr'>ex</span> <span class='ocrx_word' id='word_1_330' title='bbox 790 4273 858 4337; x_wconf 88' lang='lat' dir='ltr'>suis</span> <span class='ocrx_word' id='word_1_331' title='bbox 881 4271 974 4336; x_wconf 90' lang='lat' dir='ltr'>libris</span> <span class='ocrx_word' id='word_1_332' title='bbox 998 4291 1031 4335; x_wconf 82' lang='lat' dir='ltr'>se</span> <span class='ocrx_word' id='word_1_333' title='bbox 1053 4276 1130 4335; x_wconf 89' lang='lat' dir='ltr'>ante</span> <span class='ocrx_word' id='word_1_334' title='bbox 1159 4288 1225 4332; x_wconf 84' lang='lat' dir='ltr'>esse</span> <span class='ocrx_word' id='word_1_335' title='bbox 1246 4267 1340 4333; x_wconf 91' lang='lat' dir='ltr'>addi·</span> 
     </span>
     <span class='ocr_line' id='line_1_39' title="bbox 191 4372 1340 4459; baseline -0.003 -19"><span class='ocrx_word' id='word_1_336' title='bbox 191 4376 247 4441; x_wconf 84' lang='lat' dir='ltr'>dit.</span> <span class='ocrx_word' id='word_1_337' title='bbox 293 4376 351 4441; x_wconf 89' lang='lat' dir='ltr'>sed</span> <span class='ocrx_word' id='word_1_338' title='bbox 381 4397 558 4459; x_wconf 91' lang='lat' dir='ltr'>pronomen</span> <span class='ocrx_word' id='word_1_339' title='bbox 588 4374 686 4440; x_wconf 87' lang='lat' dir='ltr'>facile</span> <span class='ocrx_word' id='word_1_340' title='bbox 715 4396 753 4438; x_wconf 87' lang='lat' dir='ltr'>ex</span> <span class='ocrx_word' id='word_1_341' title='bbox 777 4374 882 4440; x_wconf 90' lang='lat' dir='ltr'>altero</span> <span class='ocrx_word' id='word_1_342' title='bbox 906 4394 948 4452; x_wconf 80' lang='lat' dir='ltr'>se,</span> <span class='ocrx_word' id='word_1_343' title='bbox 978 4395 1085 4456; x_wconf 92' lang='lat' dir='ltr'>aquo</span> <span class='ocrx_word' id='word_1_344' title='bbox 1115 4372 1268 4456; x_wconf 91' lang='lat' dir='ltr'>periodus</span> <span class='ocrx_word' id='word_1_345' title='bbox 1291 4372 1340 4436; x_wconf 91' lang='lat' dir='ltr'>in·</span> 
     </span>
     <span class='ocr_line' id='line_1_40' title="bbox 191 4476 1340 4562; baseline -0.003 -19"><span class='ocrx_word' id='word_1_346' title='bbox 191 4480 279 4562; x_wconf 87' lang='lat' dir='ltr'>cipit,</span> <span class='ocrx_word' id='word_1_347' title='bbox 302 4479 515 4559; x_wconf 81' lang='lat' dir='ltr'>intellegitur.</span> <span class='ocrx_word' id='word_1_348' title='bbox 550 4498 626 4541; x_wconf 87' lang='lat' dir='ltr'>nam</span> <span class='ocrx_word' id='word_1_349' title='bbox 646 4477 734 4560; x_wconf 90' lang='lat' dir='ltr'>quod</span> <span class='ocrx_word' id='word_1_350' title='bbox 751 4479 838 4561; x_wconf 89' lang='lat' dir='ltr'>apud</span> <span class='ocrx_word' id='word_1_351' title='bbox 856 4476 1051 4542; x_wconf 82' lang='lat' dir='ltr'>Hedickium</span> <span class='ocrx_word' id='word_1_352' title='bbox 1074 4476 1149 4540; x_wconf 92' lang='lat' dir='ltr'>inP</span> <span class='ocrx_word' id='word_1_353' title='bbox 1172 4480 1249 4539; x_wconf 88' lang='lat' dir='ltr'>ante</span> <span class='ocrx_word' id='word_1_354' title='bbox 1272 4494 1340 4540; x_wconf 81' lang='lat' dir='ltr'>esse</span> 
     </span>
    </p>
   </div>
   <div class='ocr_carea' id='block_1_3' title="bbox 192 4577 1340 4732">
    <p class='ocr_par' dir='ltr' id='par_1_7' title="bbox 192 4577 1340 4732">
     <span class='ocr_line' id='line_1_41' title="bbox 192 4577 1340 4664; baseline -0.003 -19"><span class='ocrx_word' id='word_1_355' title='bbox 192 4602 306 4648; x_wconf 86' lang='lat' dir='ltr'>rasura</span> <span class='ocrx_word' id='word_1_356' title='bbox 337 4603 412 4646; x_wconf 91' lang='lat' dir='ltr'>esse</span> <span class='ocrx_word' id='word_1_357' title='bbox 440 4580 592 4661; x_wconf 87' lang='lat' dir='ltr'>traditur,</span> <span class='ocrx_word' id='word_1_358' title='bbox 622 4603 662 4645; x_wconf 92' lang='lat' dir='ltr'>ne</span> <span class='ocrx_word' id='word_1_359' title='bbox 694 4582 766 4664; x_wconf 92' lang='lat' dir='ltr'>quis</span> <span class='ocrx_word' id='word_1_360' title='bbox 795 4582 841 4646; x_wconf 92' lang='lat' dir='ltr'>ibi</span> <span class='ocrx_word' id='word_1_361' title='bbox 870 4601 905 4645; x_wconf 87' lang='lat' dir='ltr'>se</span> <span class='ocrx_word' id='word_1_362' title='bbox 932 4580 1123 4644; x_wconf 87' lang='lat' dir='ltr'>delitescere</span> <span class='ocrx_word' id='word_1_363' title='bbox 1152 4577 1340 4659; x_wconf 87' lang='lat' dir='ltr'>arbitretur,</span> 
     </span>
     <span class='ocr_line' id='line_1_42' title="bbox 1078 4680 1109 4732; baseline 0 -20"><span class='ocrx_word' id='word_1_364' title='bbox 1078 4680 1109 4732; x_wconf 59' lang='lat'>30</span> 
     </span>
    </p>
   </div>
   <div class='ocr_carea' id='block_1_4' title="bbox 0 0 1538 5152">
    <p class='ocr_par' dir='ltr' id='par_1_8' title="bbox 0 0 1538 5152">
     <span class='ocr_line' id='line_1_43' title="bbox 0 0 1538 5152; baseline 0 0"><span class='ocrx_word' id='word_1_365' title='bbox 0 0 1538 5152; x_wconf 95' lang='lat' dir='ltr'> </span> 
     </span>
    </p>
   </div>
  </div>
 </body>
</html>
