3068 5152
718 377 755 435 81

156 562 271 645 primis
289 558 438 624 Curtiani
460 560 568 642 operis
591 559 684 623 libris
707 559 914 624 intercidisse
938 559 1015 638 dixi,
1039 581 1077 651 ea
1099 562 1311 626 inueniuntur

155 663 246 746 apud
265 663 445 727 Diodorum
466 662 619 738 Siculum,
644 662 699 744 qui
723 662 854 726 eosdem
874 683 956 745 quos
970 660 1103 726 Curtius
1126 662 1194 728 fere
1218 684 1311 728 secu·

156 774 210 830 tus
234 772 285 830 θεῖ
307 770 467 843 auctores,
491 765 565 828 libr.
588 763 680 828 XVII
703 768 753 838 32,
779 769 794 827 1
820 786 890 848 sqq.
916 772 948 829 et
970 764 1074 830 fusius
1099 768 1199 831 etiam
1222 765 1310 849 apud

156 867 315 932 Arrianl
333 872 384 946 25,
404 873 422 932 3
441 889 511 951 sqq.
532 868 696 949 exposita:
720 888 792 930 eum
817 867 858 930 ad
876 888 983 948 regem
1003 889 1097 932 suum
1113 868 1309 933 interficien-

155 971 236 1034 dum
253 971 362 1035 Dareo
387 991 519 1053 operam
544 969 711 1048 obtulisse,
737 990 804 1052 qua
826 991 861 1033 re
885 969 1015 1034 detecta
1038 972 1103 1033 iam
1127 973 1232 1053 primo
1257 992 1310 1035 ex-

155 1073 334 1156 peditionis
369 1093 454 1137 anno
490 1073 577 1136 cirea
599 1072 753 1136 Phaselin
781 1073 814 1136 in
843 1073 976 1136 uincula
1009 1074 1177 1137 coniectus
1212 1080 1309 1139 esset.

158 1175 216 1240 sed
250 1175 301 1239 bis
332 1176 531 1258 comparatis
558 1175 677 1238 uitium
706 1175 855 1239 codicum
878 1173 1118 1251 Ourtianornm,
1152 1196 1225 1239 cum
1258 1183 1311 1241 ter

157 1277 380 1342 Alexandrum
403 1277 638 1341 coniurationis
662 1277 807 1341 delatum
829 1276 931 1341 fuisse
949 1277 1072 1353 uolunt,
1097 1279 1308 1344 conuincitur.

156 1402 233 1445 nam
252 1381 352 1445 semel
376 1381 506 1444 omnino
526 1380 648 1444 lactum
669 1401 750 1456 esse,
774 1386 925 1443 auctores
943 1382 1161 1444 consentiunt.
1196 1388 1311 1463 aperta

159 1485 259 1548 etiam
293 1490 343 1547 est
375 1482 552 1546 uerborum
582 1494 611 1546 'a
639 1481 766 1546 duobus
795 1482 959 1547 indicibus
989 1481 1139 1547 liberaui’
1161 1484 1309 1565 inscitia3

157 1607 224 1650 non
247 1587 332 1650 euim
355 1585 484 1649 indiciis
514 1592 571 1648 aut
591 1584 763 1650 ‚indicibus
791 1607 866 1649 reus
900 1585 1068 1664 liberatur,
1102 1585 1160 1650 sed
1194 1607 1309 1670 poena.

157 1688 298 1753 fortasse
326 1691 374 1752 ita
397 1686 528 1752 Curtius
559 1689 750 1770 scripserat:
785 1687 958 1770 Lyncestem
990 1708 1065 1752 aero
1087 1688 1309 1754 Alexandrum

158 1792 349 1855 insidiatum
377 1791 474 1870 copiti
501 1811 568 1854 meo
599 1811 617 1855 c
646 1788 765 1854 dnobus
793 1788 949 1854 indicibus
970 1809 1109 1869 prorsus
1132 1793 1311 1858 contrieram

158 1903 237 1958 cett.
271 1895 430 1971 similiter,
455 1914 529 1957 cum
548 1893 740 1976 plerumque.
758 1892 928 1970 testibus,
953 1893 1126 1958 ‘indicibus
1150 1895 1309 1960 conuinci’

159 1997 298 2075 dicatur,
323 1997 410 2080 apud
425 1995 490 2060 Cic.
504 1998 537 2059 in
551 1995 641 2060 Uerr.
657 1995 721 2058 Hll
738 2000 796 2059 104
813 2002 864 2060 est
882 1996 912 2058 ‘a
924 1995 1065 2060 testibus
1083 1999 1309 2063 conuincitur’.

159 2101 382 2163 nominatiuus
410 2108 518 2164 autem
547 2119 620 2162 cum
648 2097 809 2162 infinitiuo
841 2117 914 2161 cum
943 2100 1078 2180 passiua
1111 2100 1204 2164 uerbi
1235 2121 1310 2180 con-
1347 2108 1352 2115 '

160 2203 313 2266 uincendi
335 2201 442 2266 forma
464 2202 517 2265 bic
539 2192 746 2265 uelut'vflll
769 2205 797 2277 8,
823 2203 841 2263 9
864 2201 977 2265 ‘multa
994 2221 1093 2265 auare
1111 2222 1149 2265 ac
1169 2202 1310 2286 superbe

158 2303 278 2370 fecisse
302 2304 497 2368 conuictum’
521 2305 737 2383 coniungitur.

290 2411 318 2485 8,
343 2411 390 2484 14,
413 2407 470 2471 ubi
486 2408 525 2478 ¹in
550 2406 719 2471 codicibus
742 2405 824 2469 baec
854 2412 944 2470 sunt:
979 2406 1169 2470 Hermolaus
1195 2413 1309 2488 posta·

160 2510 248 2575 labat
263 2532 280 2575 θ
298 2530 354 2590 me,
378 2516 416 2574 ut
434 2528 599 2574 arrersorer
616 2510 733 2587 Iouem,
756 2509 846 2572 enias
863 2509 987 2573 ornatio
1008 2528 1169 2590 opnoscor,
1189 2502 1310 2575 excidit

160 2622 237 2696 post
260 2613 372 2677 ‘cuius’
395 2613 674 2677 homoioteleuton
697 2610 796 2692 filins.
814 2647 856 2656 —
879 2611 997 2675 deinde
1020 2609 1036 2694 ᾖ
1063 2614 1101 2675 19
1125 2611 1217 2676 codd.
1237 2634 1311 2693 pro·

159 2716 226 2793 bro,
251 2736 330 2798 quae
351 2716 386 2778 tn
409 2736 457 2779 me
479 2717 570 2779 modo
594 2715 706 2792 iecisti,
730 2716 822 2778 modo
846 2715 974 2778 audisti.
1021 2719 1055 2777 at
1077 2714 1179 2778 uerba
1202 2716 1310 2779 ‘modo

161 2817 295 2882 audisti’
318 2819 352 2881 in
375 2819 519 2882 editione
541 2819 643 2882 Modii
671 2839 735 2881 non
765 2823 850 2894 sunt,
886 2823 919 2880 et
948 2816 1003 2880 ille
1027 2837 1099 2880 cum
1123 2818 1154 2879 in
1179 2816 1254 2881 Not.
1278 2839 1309 2900 p.

165 2924 235 2997 149,
270 2921 325 3004 qui
350 2920 547 2985 editionibus
572 2921 728 3003 parandis
752 2916 964 3002 praefuerint,
1001 2939 1040 2982 ea
1071 2918 1110 2981 de
1134 2939 1193 2982 suo
1218 2919 1311 2983 addi·

163 3025 249 3088 disse
267 3025 385 3105 arguit,
408 3024 442 3086 in
461 3023 659 3087 membranis
679 3024 747 3086 suis
765 3020 869 3085 uerba
886 3041 948 3083 non
967 3023 1152 3103 repperisse
1168 3020 1309 3086 uidetur.

160 3148 228 3210 qua
249 3128 282 3191 in
305 3147 340 3190 re
364 3127 433 3190 siue
457 3148 540 3200 eum,
563 3133 601 3190 ut
623 3145 867 3207 nonnumquam
890 3124 923 3185 in
947 3123 1059 3186 eadem
1085 3144 1129 3199 re,
1159 3126 1315 3189 memoria

162 3228 279 3293 fefellit
302 3230 371 3292 siue
394 3227 475 3292 haec
498 3228 711 3312 interpolatio
738 3228 771 3291 in
795 3226 923 3290 codices
948 3227 1018 3289 eius
1037 3247 1107 3290 uon
1125 3227 1314 3309 irrepserat,

161 3331 347 3395 omissionis
370 3332 456 3396 ratio
480 3331 655 3396 manifesta
678 3330 740 3394 est?
785 3328 907 3412 probra
929 3328 1014 3392 enim
1037 3329 1070 3392 in
1093 3328 1315 3393 Alexandrum

163 3433 252 3498 iacta
280 3433 478 3498 Hermolaus
509 3435 542 3498 in
576 3434 696 3498 iudicio
731 3453 796 3497 uon
831 3432 989 3495 andierat.
1035 3433 1187 3495 nimirum
1221 3432 1314 3496 uerbi

163 3536 293 3616 ‘modo’,
327 3536 360 3600 id
395 3543 447 3600 est
473 3557 585 3618 nuper,
620 3557 687 3600 non
717 3535 886 3600 intellecta
914 3534 965 3598 uis
994 3534 1169 3599 uerborum
1192 3535 1314 3600 addeu-

163 3638 280 3702 dorum
313 3638 374 3702 fuit
408 3660 517 3702 causa.
541 3639 723 3703 —similis
752 3637 861 3702 mendi
891 3637 980 3719 origo
1012 3645 1062 3701 est
1084 3637 1112 3701 V
1136 3642 1163 3716 5,
1189 3641 1236 3715 18,
1258 3636 1315 3701 ubi

164 3740 245 3805 baec
276 3747 328 3805 θεῖ
356 3741 506 3805 codicum
539 3762 646 3823 praua
676 3741 857 3823 scriptura:
891 3739 936 3818 (in
971 3740 1118 3804 oratione
1141 3739 1314 3806 Theaeteti

163 3843 348 3925 cuiusdam)
373 3844 446 3907 deos
469 3842 583 3922 offerre
603 3843 756 3923 patriam,
785 3843 941 3922 ceratapon,
977 3840 1091 3906 liberos
1115 3847 1145 3906 et
1165 3843 1317 3925 quicquid

162 3945 314 4010 domines
337 3947 387 4010 nel
415 3947 486 4010 aito
514 3949 686 4010 aestimaret
716 3945 767 4009 net
799 3949 899 4008 morte
930 3946 1096 4021 redimunt,
1131 3946 1165 4009 in
1196 3944 1314 4026 quibus

164 4049 246 4114 baec
264 4050 327 4114 ‘uel
345 4057 451 4114 morte
468 4049 641 4113 redimunt'
661 4049 924 4112 additamentum
947 4048 1096 4126 bominis,
1119 4052 1157 4111 ut
1179 4046 1314 4130 aliquid,

164 4150 230 4216 illis
248 4153 311 4216 ‘uel
333 4154 403 4216 uita
421 4151 604 4216 aestimant’
624 4151 713 4235 quod
735 4149 943 4233 respondeat,
965 4151 1116 4214 inueniat
1137 4152 1256 4214 misere
1281 4171 1315 4215 se

162 4257 348 4338 torquentis
372 4260 431 4320 θεῖ.
477 4254 555 4338 qnid
585 4255 670 4318 enim
697 4253 866 4336 repperit?
912 4252 975 4316 ‘uel
1003 4259 1107 4316 morte
1131 4252 1314 4315 redimunt’.

164 4363 200 4420 at
222 4358 284 4422 hoc
306 4360 370 4422 iam
393 4358 426 4421 in
449 4358 557 4439 priore
580 4355 727 4420 membro
750 4356 866 4432 inerat,
890 4362 923 4419 et
945 4356 1072 4447 species
1090 4360 1215 4418 tantum
1234 4353 1315 4417 alte·

164 4461 232 4524 rius
255 4461 392 4526 membri
416 4467 475 4539 θεῖ,
498 4460 576 4541 quia
599 4459 701 4522 uerbo
719 4458 809 4522 ‘uita'
827 4459 965 4523 uerbum
984 4456 1109 4522 ‘morte’
1130 4457 1314 4540 opponitur.

164 4563 246 4646 quid
268 4565 371 4644 igitur
393 4570 611 4627 correctorem
636 4562 669 4625 in
693 4581 836 4625 errorem
858 4560 1009 4625 induxit?
1053 4560 1131 4644 quia
1154 4558 1226 4622 ‘uel’
1250 4558 1317 4648 dis·

1068 4661 1085 4714 6
