3068 5152
719 349 850 422 11·

189 554 250 614 cst.
301 568 385 631 quae
413 546 498 610 enim
532 551 622 610 esset
651 552 819 613 structura
845 550 940 614 istius
968 551 1129 615 enuntiati
1164 551 1264 616 ‘rates
1293 552 1342 616 ad

189 651 251 715 XII
274 650 365 714 milia
387 648 521 714 effectae
543 649 650 714 sunt’?
672 669 778 734 quane
800 653 930 718 ratione
954 653 1060 718 ‘rates’
1083 658 1183 737 atque
1205 654 1259 719 ‘ad
1274 653 1344 719 XII

189 753 288 820 milia’
311 754 530 836 iungerentur,
559 774 632 818 cum
660 775 767 818 sermo
796 755 848 818 ‘ad
876 756 938 820 XII
966 756 1057 821 milia
1083 758 1211 821 ratium’
1241 757 1343 841 flagi-

188 857 296 923 taret?
325 857 428 923 mouit
448 856 590 922 sortasse
613 857 891 940 interpolatorem,
920 860 1008 944 quod
1031 861 1064 923 in
1085 860 1209 925 tradita
1232 864 1338 945 scrip·

189 968 265 1026 tura
292 959 425 1025 ‘effecta’
454 959 663 1037 uocabulum,
692 960 781 1042 quod
810 963 1007 1045 praepositio
1035 969 1173 1044 regeret,
1202 971 1342 1047 practer
1449 956 1457 981 ‘

189 1085 312 1129 morem
335 1064 518 1128 subiectum
541 1064 723 1128 sententiae
747 1071 834 1129 esset
854 1062 987 1129 factum.
1032 1066 1090 1130 sed
1117 1067 1182 1131 iam
1213 1065 1342 1134 Caesar

189 1174 223 1232 et
246 1167 359 1231 Liuius
387 1164 448 1231 ‘ad’
471 1170 547 1229 ante
575 1166 757 1230 numeralia
784 1189 844 1249 pro
872 1167 1029 1234 aduerbio
1057 1175 1204 1248 utuntur,
1228 1193 1342 1254 neque

116 1280 121 1287 '
188 1271 221 1334 id
239 1269 370 1333 Curtius
393 1290 457 1333 non
475 1267 563 1346 facit,
576 1268 616 1331 de
635 1289 700 1350 qua
721 1290 757 1333 re
774 1271 840 1334 uid.
858 1271 1000 1336 Miitzell.
1024 1295 1055 1354 p.
1074 1275 1135 1336 392
1151 1272 1182 1337 b.
1216 1295 1340 1340 uerum

187 1374 289 1453 igitur
307 1378 357 1436 est
375 1370 498 1450 effecta3
521 1375 554 1435 et
570 1371 719 1436 similiter
736 1372 860 1451 Liuius,
883 1367 1038 1464 ι11ΠΠ21,
1061 1380 1098 1439 14
1117 1376 1199 1440 dixit
1217 1376 1344 1455 ι(81111ᾳ

189 1473 320 1555 uitium)
349 1474 391 1539 ad
413 1475 549 1557 triginta
570 1473 662 1540 milia
683 1497 780 1541 caesa
802 1483 860 1541 aut
882 1478 999 1563 capta’.

317 1634 345 1705 8,
377 1633 415 1692 16
443 1628 468 1691 P
497 1628 573 1711 qaia,
601 1630 697 1708 uude,
726 1631 804 1714 qnia
835 1652 1013 1712 pronomen
1042 1631 1097 1695 hic
1125 1633 1343 1700 substantine

186 1738 373 1815 usurpatur,
398 1732 470 1814 qais
485 1733 532 1796 sis
553 1731 750 1810 faciendum,
774 1742 808 1799 et
831 1736 876 1800 sic
900 1736 999 1799 etiam
1021 1735 1107 1799 Flor.
1127 1735 1155 1800 G
1173 1736 1197 1798 l.
1234 1739 1345 1802 ceteri

187 1838 220 1901 in
245 1836 454 1901 dissoluendo
473 1836 665 1919 compendio
688 1836 832 1901 litteram
852 1859 868 1902 s
885 1838 1054 1922 duplicare
1072 1839 1342 1922 supersederunt.

186 1941 266 2004 item
288 1941 317 2004 V
340 1942 368 2018 5,
398 1945 439 2003 22
461 1961 501 2004 ac
525 1940 579 2020 qai
599 1945 714 2004 statam
742 1940 870 2024 plenior
896 1941 1001 2006 forma
1023 1942 1056 2005 in
1080 1942 1258 2026 archetypo
1285 1965 1345 2009 co·
1387 1950 1390 1956 '

188 2046 259 2111 dice
283 2068 354 2111 esse
371 2046 519 2125 uidetur;
542 2065 618 2108 uam
642 2047 702 2110 etsi
720 2044 801 2109 nihil
824 2066 882 2127 ego
907 2047 1050 2125 enotaui,
1073 2047 1107 2110 in
1129 2045 1256 2125 iisdem,
1280 2051 1344 2131 qui

188 2149 266 2215 alibi
291 2171 388 2232 saepe
417 2170 490 2213 cum
514 2149 637 2232 optimo
660 2148 744 2213 libro
767 2148 900 2229 faciunt,
927 2151 960 2214 in
989 2149 1075 2214 Mod.
1099 2149 1184 2213 Flor.
1215 2148 1302 2214 GH
1327 2151 1345 2215 I

186 2255 267 2322 Bud.
292 2255 345 2319 all.
370 2255 442 2335 qais
464 2261 524 2318 est.

315 2361 344 2433 9,
375 2362 395 2420 4
424 2357 449 2420 Ρ
477 2357 573 2423 Uoss.
604 2363 622 2422 2
650 2357 736 2423 Flor.
765 2358 917 2423 Fruatur
936 2380 1018 2440 pars
1046 2381 1194 2441 apuppe
1222 2370 1345 2430 acates

187 2483 283 2545 equos
306 2458 482 2540 trahebaat3
506 2461 607 2525 ceteri
629 2460 812 2526 trahebat.
858 2463 915 2528 sed
939 2464 1001 2528 etsi
1024 2463 1129 2528 simile
1153 2465 1345 2547 exemplum

188 2588 226 2630 ex
255 2562 369 2628 Curtio
403 2562 511 2628 afferri
544 2586 607 2628 non
639 2585 736 2645 posse
757 2564 910 2647 uidetur,
945 2566 1082 2649 pluralis
1116 2571 1225 2631 tamen
1260 2577 1346 2650 post

187 2667 369 2751 collectiua,
393 2668 543 2749 quamuis
567 2687 670 2743 rarae,
695 2668 858 2732 interdum
883 2669 969 2750 apud
994 2690 1067 2732 eum
1090 2676 1241 2752 apparet3
1270 2674 1343 2741 uid.

186 2769 328 2835 Miitzell.
348 2769 389 2833 ad
407 2770 472 2834 IIII
492 2773 540 2848 12,
561 2775 609 2848 11,
631 2769 687 2833 ubi
706 2770 788 2842 haec
811 2779 902 2836 sunt:
926 2771 1190 2856 ‘Parthyaeorum
1216 2772 1344 2841 deinde

188 2896 266 2956 gens
290 2873 490 2938 claudebant
513 2872 648 2955 agmen'.
672 2908 713 2918 —
735 2873 802 2938 ibd.
822 2873 846 2936 P
870 2881 903 2939 et
919 2873 1021 2938 Mod:
1043 2874 1128 2946 illos,
1153 2895 1229 2957 quos
1249 2883 1344 2943 atres

186 2981 343 3042 sarmento
381 2976 493 3057 repleti
524 2975 683 3054 1111111111,
724 2974 859 3041 obiectae
890 2984 974 3041 rates
1015 2976 1189 3042 tuebantur.
1235 2980 1343 3061 uulgo

188 3079 386 3145 ‘stramento’
398 3101 457 3162 pro
470 3080 663 3144 ‘sarmento'.
698 3079 755 3144 sed
774 3087 873 3157 utres
896 3082 983 3145 utin
1002 3099 1088 3164 aqua
1105 3102 1187 3145 onus
1206 3091 1344 3148 susten-

187 3189 268 3260 tent,
298 3205 363 3247 non
387 3184 493 3248 minus
516 3182 684 3247 commode
707 3183 859 3264 uirgultis
883 3206 980 3268 quam
1004 3189 1183 3249 stramento
1206 3186 1343 3268 replen-

187 3292 252 3350 tur.
302 3286 415 3367 itaque
444 3285 518 3349 ideo
553 3285 768 3367 interpolator
796 3287 932 3351 uerbum
962 3285 1145 3352 ‘sarmento'
1172 3287 1206 3349 in
1242 3287 1343 3353 ‘stra-

187 3387 307 3452 mento’
336 3389 476 3452 uertisse
506 3387 647 3465 uidetur,
677 3389 754 3470 quia
784 3411 885 3472 supra
912 3411 938 3454 c.
970 3395 999 3468 5,
1030 3392 1068 3452 17
1096 3389 1129 3452 in
1152 3388 1250 3453 simili
1274 3389 1343 3456 Oxi

188 3491 292 3556 amnis
316 3496 520 3572 transgressu
552 3491 863 3569 ι11111111111111111
886 3491 1032 3556 refertos’
1055 3490 1181 3556 fuisset.
1226 3491 1285 3555 sed
1312 3495 1342 3559 si

188 3595 384 3659 alterutrum
401 3593 640 3660 emendandum
659 3600 832 3673 constaret,
854 3617 921 3659 non
939 3595 1051 3677 utique
1069 3594 1233 3677 posterius
1258 3615 1341 3659 con-

189 3703 294 3762 staret
328 3697 518 3761 mutandum
553 3719 633 3762 esse.
687 3698 838 3781 equidem
868 3698 977 3780 potius
1017 3698 1108 3780 prius
1144 3696 1340 3779 arbitrarer,

188 3799 341 3882 quoniam
363 3800 396 3863 iu
419 3799 620 3865 nudo'circa
643 3799 747 3865 Oxum
771 3800 840 3865 solo
863 3799 941 3877 (uid.
966 3821 992 3863 c.
1016 3802 1045 3875 5,
1073 3793 1341 3879 1111111111-

188 3907 298 3966 menta
321 3923 419 3985 quam
442 3908 630 3981 stramenta,
653 3902 687 3966 id
707 3909 757 3966 est
778 3901 933 3966 frumenti
952 3902 1078 3978 calami,
1102 3900 1238 3982 reperiri
1260 3922 1341 3984 pos-

188 4008 269 4068 sent.
304 4010 337 4068 et
354 4003 516 4075 Graecum
538 4004 686 4084 uerbum,
711 4004 798 4086 quod
816 4006 966 4081 uertitur,
989 4011 1104 4086 φορυτός
1127 4004 1210 4080 (Α11.
1230 4003 1339 4069 Auab.

187 4105 235 4169 III
254 4110 303 4184 29,
324 4106 367 4187 4),
392 4127 464 4170 cum
483 4111 658 4190 utrumque
676 4105 882 4188 significaret,
901 4109 1042 4189 scriptor
1058 4106 1222 4171 Itinerarii
1239 4106 1341 4170 Alex·

189 4208 283 4272 andri
310 4230 336 4274 c.
362 4212 401 4272 34
430 4210 464 4273 11
486 4209 627 4274 transitu
651 4207 712 4270 Oxi
735 4207 949 4274 describendo
980 4210 1188 4291 ‘gignentium
1216 4207 1343 4274 friuola

188 4311 367 4394 aridaque’,
395 4312 429 4375 id
452 4317 502 4375 est
524 4317 699 4388 sarmenta,
723 4312 960 4395 interpretatus
987 4322 1045 4379 est.
1082 4311 1138 4377 sed
1161 4300 1262 4375 Gurt.¹
1276 4311 1342 4379 VlI

190 4418 218 4490 9,
242 4419 262 4477 4
285 4419 372 4478 11111
397 4414 578 4478 ‘sarmento’
601 4436 640 4478 111
660 4413 684 4476 P
707 4415 938 4499 recipiendum.
974 4438 1080 4500 neque
1103 4437 1143 4479 an
1164 4414 1342 4482 collectiuo

190 4536 228 4579 eo
255 4516 356 4581 uerbo
380 4517 490 4581 Latini
512 4518 562 4582 usi
585 4520 660 4596 sint,
688 4525 776 4582 recte
807 4518 950 4584 dubitari
980 4526 1100 4603 potest,
1128 4539 1201 4582 cum
1222 4518 1342 4585 Liuius
