3068 5152
803 382 843 442 64

243 566 454 645 incumberet,
479 567 583 648 primo
608 567 769 630 enuntiati
792 566 865 630 loco
888 566 1039 648 ponenda
1063 574 1165 632 erant.
1201 569 1277 632 item
1296 564 1402 653 supra

240 671 269 732 c.
295 673 324 750 8,
349 674 384 733 ll
411 676 482 733 erat
502 668 682 732 ‘simulasse
707 669 829 748 etiam’3
853 674 886 733 et
905 669 964 732 VII
987 675 1012 748 1,
1031 674 1071 733 20
1089 670 1247 735 ‘habitum
1272 672 1401 751 etiam'3

242 770 319 834 VIII
344 777 391 851 14,
417 776 454 835 12
479 772 607 854 ‘capitis
631 755 748 836 etiam’.
784 771 881 854 plura
901 793 940 834 cx
962 771 1035 836 eliis
1059 772 1277 855 scriptoribus
1301 772 1403 838 affert

243 873 349 939 Hand.
385 874 520 939 Tursell.
555 873 587 936 II
620 897 650 956 p.
686 878 746 938 547
777 896 823 957 sq.
855 908 897 918 -
925 895 1125 959 quemquam
1159 896 1231 940 cum
1265 876 1400 959 reliqua

242 976 383 1040 Parisini
419 978 584 1060 scriptura
616 997 696 1041 uera
732 998 802 1042 esse
835 977 1001 1055 uideatur,
1040 1000 1141 1042 unum
1167 985 1285 1045 ,tamen
1322 980 1398 1044 eius

243 1084 370 1143 mutare
393 1084 525 1144 neeesse
549 1085 608 1143 est.
648 1100 721 1142 nam
747 1079 921 1156 ‘Philotas’‚
947 1080 1033 1163 quod
1056 1101 1174 1146 nomen
1198 1083 1297 1146 trium
1321 1103 1400 1147 sen·
1433 1104 1436 1109 ¹

242 1175 418 1247 tentiarum
442 1203 613 1248 commune
644 1181 826 1247 subiectum
855 1190 913 1262 est,
941 1184 974 1246 in
998 1185 1098 1247 tertia
1121 1184 1249 1248 demum
1275 1190 1400 1250 contra

242 1306 369 1350 omnem
399 1284 519 1350 bonum
549 1306 642 1350 usum
671 1286 811 1367 ponitur,
845 1291 878 1350 et
912 1307 984 1369 quo
1011 1286 1190 1352 minusca
1223 1288 1309 1352 ratio
1339 1287 1399 1352 hic

243 1390 311 1453 ueri
336 1388 449 1452 similis
478 1389 530 1466 su,
559 1389 592 1451 in
626 1387 755 1453 duabus
785 1387 949 1471 prioribus
977 1388 1147 1453 subaudiri
1174 1411 1237 1454 non
1272 1395 1399 1473 potest,

243 1493 394 1573 quoniam
429 1492 462 1554 in
496 1491 544 1568 iis,
582 1511 666 1572 quae
700 1490 760 1555 has
794 1491 1006 1573 praecedunt,
1041 1492 1080 1556 de
1110 1492 1326 1577 Parmenione
1361 1500 1400 1558 et

243 1594 374 1658 Philota
397 1600 622 1672 communiter,
645 1615 710 1656 non
734 1593 774 1657 de
797 1594 865 1658 solo
884 1593 1014 1659 Philota
1032 1596 1151 1676 egitur.
1185 1594 1268 1659 haec
1290 1596 1399 1679 igitur

242 1697 369 1775 menda,
394 1717 493 1778 quam
515 1697 638 1778 primus
663 1696 838 1775 AcidaliuS,
869 1697 987 1762 deinde
1010 1697 1209 1778 Bongarsius
1233 1705 1267 1762 et
1289 1720 1400 1782 nuper
1507 1733 1510 1738 ·

232 1799 403 1865 Arnoldus
426 1799 551 1879 Hugius
576 1799 671 1877 (Mus.
697 1800 797 1863 Rhen.
822 1799 882 1863 XX
904 1823 933 1881 p.
961 1801 1033 1878 128)
1059 1806 1268 1880 notauerunt‚
1296 1800 1398 1866 facile

241 1905 288 1967 ita
315 1902 387 1967 tolli
422 1923 518 1985 posse
552 1902 693 1982 uidetur,
729 1903 755 1966 si
786 1902 923 1966 uerbum
947 1902 1112 1967 ‘Philotas'
1135 1904 1167 1967 in
1192 1905 1399 1986 superiorem

240 2028 372 2087 uersum
396 2040 437 2052 —-
460 2006 611 2069 nimirum
641 2005 841 2088 adscriptum
875 2005 1055 2089 aliquando
1083 2007 1169 2070 inter
1191 2028 1307 2071 uersus
1331 2007 1399 2073 fuit

243 2146 280 2154 -
305 2116 447 2174 tractum
471 2115 548 2191 post
572 2105 753 2172 ‘infitiatus’
776 2109 925 2191 ponitur;
953 2110 1044 2173 cuius
1067 2109 1243 2175 uerborum
1268 2109 1398 2175 ordinis

241 2213 425 2295 (infitiatus
448 2211 594 2276 Philotas
618 2220 669 2277 est
690 2210 840 2293 facinus’)
865 2233 903 2274 ex
927 2210 1040 2276 Curtio
1063 2211 1221 2276 nonnulla
1243 2213 1399 2296 exempla

240 2315 450 2381 Mutzellsad
473 2315 549 2378 VIII
574 2320 600 2394 l,
624 2320 642 2378 6
666 2315 806 2396 collegit.

325 2419 385 2482 VII
410 2422 478 2495 1‚9
512 2417 537 2480 Ρ
573 2425 606 2482 et
641 2421 659 2480 2
694 2417 789 2481 class.
825 2402 1214 2498 ueteresque'editiones
1242 2418 1398 2496 proxime

241 2522 353 2605 (ceteri
374 2521 545 2604 proximi)
565 2520 763 2599 adstiterunt,
788 2526 820 2583 et
837 2520 864 2582 si
884 2516 900 2600 ἓ
921 2522 958 2582 14
977 2520 1132 2603 ‘proxime
1157 2520 1396 2604 sequebantur'

241 2625 406 2703 scribitur,
430 2624 539 2688 ethic
562 2623 756 2688 aduerbium
778 2624 881 2705 recipi
904 2628 1016 2706 potest
1032 2630 1065 2687 et
1083 2622 1189 2687 debet.
1225 2623 1281 2686 sed
1300 2623 1396 2688 haud

240 2729 306 2792 scio
330 2748 372 2791 an
395 2732 483 2792 recte
507 2727 708 2791 adiectiuum
731 2725 760 2789 ei
785 2725 1014 2790 substituatur.

373 2834 399 2909 l,
424 2834 465 2893 28
487 2829 511 2892 P
534 2829 627 2893 butus
648 2826 739 2892 uobr's
757 2828 916 2908 perlectis
939 2848 1065 2906 coccae,
1090 2828 1176 2892 unde
1199 2828 1395 2893 recentiorr.

242 2935 297 2999 elii
331 2932 477 3016 ‘periculi
511 2954 544 2996 es
580 2933 699 3010 causa‘,
733 2931 788 2994 alii
817 2931 910 2996 uelut
937 2931 1018 2996 Bud.
1055 2937 1087 2996 et
1122 2931 1207 2994 Mod.
1243 2931 1398 3014 ‘periculi

241 3058 341 3101 cansa
365 3033 408 3100 es'
431 3036 588 3114 fecerunt,
622 3042 798 3117 utrumque
828 3033 918 3098 bene.
964 3035 1020 3100 sed
1048 3035 1397 3118 praeterquamquod

241 3161 433 3205 consensum
456 3137 542 3202 Mod.
575 3144 608 3202 et
636 3142 655 3200 2
680 3137 775 3202 class.
799 3143 934 3220 propter
961 3143 1094 3202 seruata
1126 3136 1193 3201 illic
1225 3137 1395 3202 interdum

241 3242 321 3307 boni
342 3242 464 3306 ueteris
487 3241 608 3305 codicis
631 3241 773 3321 uestigia
795 3238 950 3304 libentius
973 3261 1072 3324 quam
1102 3245 1230 3305 ceteros
1260 3240 1395 3307 codices

241 3366 370 3428 sequor,
404 3345 435 3407 in
465 3342 527 3407 hoc
556 3343 669 3408 ordine
692 3344 802 3407 ‘cansa
826 3343 868 3407 es’
891 3344 1000 3426 paullo
1024 3344 1128 3408 maior
1151 3335 1309 3407 orationis
1332 3342 1396 3424 uis,

241 3430 325 3532 oues
359 3469 431 3512 cum
470 3445 579 3510 uerbis
610 3445 769 3530 Amyntae
802 3445 856 3510 hic
888 3446 1063 3511 liberrimis
1096 3451 1173 3529 apte
1207 3447 1396 3527 conmutat,
1443 3466 1446 3471 ·

240 3573 312 3617 esse
334 3551 477 3637 uidetur.

369 3657 397 3730 2,
422 3658 440 3715 2
470 3653 494 3716 P
526 3660 559 3717 et
581 3652 663 3716 Bud.
692 3657 785 3733 atque
817 3651 871 3715 tlte
903 3672 980 3716 corre
1014 3654 1153 3728 territus,
1189 3651 1221 3716 id
1256 3650 1394 3735 quidem

242 3763 405 3839 corrupte,
441 3758 593 3839 quonium
627 3777 667 3820 ex
701 3762 812 3822 cetera
844 3756 992 3819 oratione
1022 3754 1206 3819 Polemonis
1240 3764 1394 3836 apparet,

240 3881 313 3923 eum
334 3858 389 3923 uel
412 3861 550 3923 maxime
573 3865 643 3923 tum
665 3859 866 3941 intrepidum
883 3857 994 3921 fuisse.
1030 3857 1088 3921 sed
1105 3856 1192 3940 quod
1211 3856 1394 3922 deteriores
1477 3898 1480 3903 -

240 3962 334 4027 codd.
364 3962 437 4027 ideo
468 3962 657 4026 ‘interritus’
693 3962 903 4043 scripserunt,
938 3981 1015 4024 usus
1050 3957 1154 4024 Curtii
1187 3960 1395 4026 immemores

239 4071 326 4143 sunt,
361 4064 450 4148 apud
483 4086 592 4147 quem,
627 4063 683 4128 ubi
706 4062 803 4128 ‘sane‘
831 4062 1030 4127 affirmatiua
1059 4082 1132 4126 cum
1161 4064 1195 4127 ui
1225 4061 1394 4129 adiectiuo

241 4168 438 4249 adiungitur,
464 4167 492 4231 si
515 4167 654 4231 accessit
675 4166 816 4248 negatio,
846 4185 974 4247 semper
1000 4163 1097 4229 ‘haud
1121 4165 1210 4230 sane’
1232 4172 1292 4230 est.
1337 4166 1395 4232 hie

239 4292 370 4355 quoque
410 4271 510 4353 igitur
553 4290 625 4332 eum
667 4269 838 4350 scripsisse
871 4270 942 4333 ueri
975 4267 1079 4331 simile
1114 4275 1165 4332 est
1198 4269 1300 4350 ‘atque
1338 4267 1395 4334 illc

238 4375 324 4438 boort
353 4393 429 4438 curre
460 4371 609 4437 territcs’.
654 4371 767 4453 (haud
797 4392 873 4436 sane
901 4370 1045 4436 territus'
1070 4373 1167 4434 etiam
1193 4371 1218 4434 V
1243 4376 1291 4450 11,
1314 4375 1334 4433 8
1358 4380 1394 4438 et

239 4476 283 4540 VI
306 4480 335 4555 7,
359 4478 423 4555 33.)
