3068 5152
747 381 787 438 43

230 571 234 577 ’
319 572 346 639 3,
374 571 411 629 17
436 567 459 630 P
482 586 575 646 nopes
602 571 631 629 ei
657 566 797 647 aridique
818 571 1013 645 procaspide
1044 565 1194 630 abscisus.
1240 563 1341 627 ceteri

193 672 322 737 codices
346 670 427 734 uitio
450 668 617 733 intellecto
641 667 699 733 alii
717 668 815 732 aliter
832 667 937 732 uerba
954 668 1107 734 ordinare
1127 668 1235 732 conati
1253 672 1344 745 sunt;

191 776 259 854 sed,
294 795 358 857 quo
381 770 478 837 modo
501 772 608 836 adhuc
631 770 837 835 emendatum
860 792 925 836 non
948 779 1008 851 est,
1043 771 1113 834 ueri
1143 769 1343 834 simillimum

191 878 321 944 uidetur
360 876 464 959 primo
499 873 716 957 ‘praeruptas’
751 880 827 957 post
861 875 979 958 ‘rupes’
1014 875 1185 953 excidisse,
1226 871 1344 937 deinde

191 1001 293 1064 supra
325 988 458 1043 uersum
491 977 641 1042 additum
674 998 814 1060 prauum
847 977 954 1041 locum
988 978 1145 1055 tenuisse,
1187 982 1224 1040 ut
1258 997 1342 1040 nuno

190 1082 415 1168 reponendum
438 1081 494 1145 sit:
518 1100 612 1160 rupes
627 1085 821 1161 praeruptos
845 1085 874 1144 et
890 1080 1031 1163 undique
1047 1078 1193 1145 abscisos.
1228 1081 1344 1160 inquo

191 1189 220 1252 si
249 1207 347 1271 quem
375 1185 550 1249 coniuncta
572 1183 676 1248 uerba
700 1184 809 1266 ‘rupes
831 1184 1034 1267 praeruptas‘
1058 1181 1234 1261 offendant,
1268 1203 1345 1246 con-

191 1288 277 1355 ierat
299 1287 344 1351 VI
366 1291 395 1359 6,
420 1290 459 1349 23
484 1285 674 1370 ‘praerupta
708 1292 814 1369 rupes’
846 1292 879 1351 et
912 1290 952 1351 26
977 1288 1186 1369 ‘praeruptae
1218 1284 1344 1368 rupes’3

192 1391 270 1456 VIII
295 1394 343 1470 11,
366 1394 385 1454 3
409 1389 563 1471 ‘abrupta
585 1390 692 1472 rupes’
716 1397 749 1454 et
774 1393 811 1452 la
837 1390 1027 1473 ‘praerupta
1049 1389 1085 1454 r.’

320 1497 351 1570 4,
382 1496 419 1555 16
455 1491 548 1556 codd.
577 1512 647 1556 cum
681 1493 906 1572 trepidantium
939 1491 1143 1557 barbarorum
1176 1490 1345 1556 temedium

195 1595 379 1662 exaudisset
394 1595 652 1677 persequentium
673 1616 793 1678 repom..
820 1594 955 1660 barbari
977 1617 1087 1677 regem
1109 1616 1172 1659 non
1196 1595 1345 1677 inseque-

192 1701 324 1778 bantur,
353 1699 410 1763 sed
439 1719 513 1762 oum
537 1699 822 1781 superuenientem
846 1697 956 1762 subito
979 1699 1139 1777 uiderent,
1174 1697 1346 1780 fugiebant

192 1801 479 1886 trepidabantque.
525 1802 636 1884 itaque
665 1802 939 1883 prospicientium,
972 1823 1036 1865 non
1061 1799 1345 1884 ‘persequentium’

193 1904 475 1989 exspectabamus.
934 1965 960 2001 ‘q

321 2013 351 2087 4,
375 2011 417 2071 20
444 2006 469 2069 P
498 2027 519 2070 a
546 2007 652 2090 prima
685 2029 796 2072 manu:
831 2008 922 2090 quid.
943 2029 975 2072 es
1000 2009 1105 2089 pediti
1132 2014 1202 2073 oroi
1222 2008 1342 2072 micina

192 2125 261 2197 qua
281 2110 534 2194 propriissimum
568 2117 643 2175 cett.
688 2110 831 2175 secunda
860 2133 958 2175 manu
981 2120 1017 2177 et
1040 2133 1059 2176 u
1082 2134 1181 2195 supra
1203 2112 1290 2194 quid
1312 2116 1346 2175 et
1385 2105 1389 2112 ’

193 2218 225 2283 ὦ
257 2235 359 2299 supra
391 2225 458 2297 qud
486 2213 600 2278 addita
633 2218 719 2278 sunt.
764 2214 797 2276 in
826 2215 952 2298 primae
983 2236 1098 2280 manus
1128 2215 1293 2298 scriptura
1320 2213 1347 2278 dt

193 2340 305 2386 errore
325 2317 455 2382 librarii
477 2338 537 2399 pro
561 2338 597 2393 ce,
631 2316 666 2380 id
689 2323 740 2381 est
762 2337 806 2397 uc,
835 2319 976 2401 ponitur.
1022 2317 1083 2382 hoc
1104 2319 1205 2401 igitur
1227 2317 1345 2384 mendo

194 2422 326 2488 sublato
350 2427 384 2485 et
405 2431 472 2502 quc
489 2419 522 2483 in
546 2441 609 2502 quo
631 2427 788 2498 correcto,
813 2421 855 2485 ad
878 2428 1027 2485 ueterum
1051 2421 1221 2498 editorum,
1247 2421 1346 2486 etiam

143 2510 146 2514 ⁴
194 2525 336 2608 Zumptii
366 2531 399 2589 et
420 2522 587 2601 Miitzellii,
623 2523 816 2606 scripturam
847 2524 1000 2603 redimus
1035 2546 1119 2607 quae
1154 2530 1238 2588 erat:
1273 2524 1347 2605 quia

193 2647 287 2710 eques
298 2625 406 2707 pediti
423 2630 492 2690 aar
501 2626 631 2705 minine,
654 2646 715 2707 qino
729 2648 781 2707 p.;
802 2648 909 2710 neque
930 2635 1019 2692 certe
1038 2628 1212 2711 quicquam
1229 2627 1345 2691 melius

194 2733 306 2799 sensui
326 2731 391 2795 loci
413 2729 696 2794 accommodatum
719 2731 790 2795 erit.
843 2787 845 2792 ,

322 2839 351 2914 6,
376 2838 394 2897 6
417 2832 443 2896 P
465 2838 556 2897 anteo
578 2853 652 2896 cum
675 2832 841 2916 plerisque
864 2834 1043 2913 codicibus,
1065 2857 1130 2899 non
1154 2835 1258 2899 ‘ante'.

323 2942 353 3016 7,
377 2940 395 3000 5
419 2935 513 3000 codd.
537 2936 637 2999 meiito
659 2936 749 2999 cedro
772 2935 938 3016 aedificato
962 2943 1027 3002 croi
1048 2939 1146 3019 rapio,
1170 2958 1248 3019 quoe
1268 2938 1343 3002 ccic-

192 3044 271 3108 riter
292 3042 362 3124 ipae
385 3044 530 3118 concepto
554 3039 614 3103 luto
636 3039 724 3119 fudit
744 3040 937 3104 incendium.
973 3042 1080 3105 omitti
1103 3062 1216 3105 uocem
1236 3040 1344 3123 ‘regia’

194 3166 321 3224 censeo,
356 3164 453 3227 quam
488 3163 527 3205 ex
560 3141 786 3225 superioribus
821 3177 863 3187 -
892 3144 1094 3226 praecedunt
1127 3144 1212 3208 enim
1246 3144 1344 3208 haec:

193 3249 327 3332 ‘primus
349 3269 406 3311 rex
429 3247 536 3327 ignem
558 3246 668 3328 regiae
691 3246 811 3323 iniecit,
845 3253 915 3310 tum
944 3248 1105 3311 conuiuae
1139 3252 1172 3310 et
1204 3246 1346 3312 ministri

192 3349 388 3436 pelicesque’
400 3346 551 3413 —facile
562 3348 798 3431 intellegimus,
822 3349 909 3431 quod
928 3349 1125 3414 uocabulum
1138 3350 1165 3414 si
1177 3351 1346 3429 retinetur,

193 3460 396 3520 structuram
419 3472 618 3535 magnopere
647 3453 770 3532 turbat,
806 3452 960 3536 quoniam
984 3458 1053 3516 tum
1077 3459 1192 3517 contra
1216 3476 1363 3521 sensum,

191 3558 334 3623 relatiua
374 3557 538 3621 sententia
577 3556 763 3620 necessario
805 3577 843 3620 eo
877 3555 1026 3618 refertur.
1084 3551 1228 3620 ceterum
1261 3557 1346 3622 hanc
1403 3600 1405 3606 ·

192 3659 454 3725 emendationem
478 3659 561 3721 illud
585 3679 703 3740 magno
728 3679 825 3741 opere
844 3656 1025 3734 confirmat,
1051 3659 1138 3740 quod
1157 3681 1196 3724 ea
1213 3665 1347 3743 recepta

191 3763 283 3829 locus
318 3761 503 3826 simillimus
537 3763 599 3824 erit
624 3761 697 3824 VIII
730 3766 778 3838 10,
803 3767 822 3826 8
852 3795 894 3805 —
924 3768 957 3825 et
985 3760 1118 3825 Curtius
1153 3783 1251 3845 saepe
1285 3783 1347 3827 sua

192 3867 263 3949 ipse
298 3865 403 3929 uerba
436 3864 586 3928 imitatur
619 3872 653 3928 et
682 3865 802 3947 repetit
828 3900 880 3942 —,
909 3863 966 3927 ubi
994 3863 1075 3928 haec
1105 3872 1195 3929 sunt:
1231 3867 1346 3930 ‘caesis

192 3969 315 4053 quippe
350 3967 442 4031 siluis
475 3966 640 4032 flammam
675 3968 906 4032 excitauerunt
939 3965 1103 4047 (milites),
1143 3988 1226 4050 quae
1266 3968 1346 4034 alita

192 4071 432 4155 oppidanorum
472 4070 623 4153 sepulcra
656 4070 901 4155 conprehendit.
952 4075 1085 4134 uetusta
1119 4071 1217 4136 cedro
1251 4078 1347 4136 erant

191 4173 281 4240 facta
304 4178 564 4255 conceptumque
586 4175 693 4255 ignem
716 4173 784 4238 late
805 4172 939 4238 fudere’.

322 4280 351 4356 7,
374 4280 393 4340 7
416 4275 509 4340 codd.
534 4277 654 4341 omissa
675 4277 784 4359 igitur,
813 4297 906 4358 qiam
924 4281 1142 4356 portauerant,
1176 4277 1347 4360 concioni

193 4381 318 4445 aridum
350 4380 516 4444 materiam
548 4380 584 4442 in
617 4379 796 4444 incendium
827 4381 930 4444 iocur
968 4385 1141 4459 coeperant.
1208 4378 1345 4444 uerbum

191 4482 335 4549 ‘aridam’
358 4483 392 4546 in
416 4480 547 4565 ‘aptam'
571 4480 751 4547 Hedickius
774 4483 923 4562 mutauit,
958 4487 992 4547 et
1025 4482 1182 4567 quoniam
1209 4481 1244 4545 in
1272 4502 1343 4547 sen·
1452 4507 1456 4514 ·

189 4585 296 4653 tentia
327 4584 409 4650 nihil
441 4583 597 4664 inuenies,
632 4606 770 4667 quocum
804 4585 939 4650 datiuus
974 4585 1128 4665 coniungi
1161 4585 1267 4668 possit
1301 4620 1344 4635 —·
