3068 5152
746 378 785 438 86

76 553 77 557 ’
188 581 252 643 quo
287 561 409 624 armari
442 566 591 642 possent,
626 562 808 643 arripiunt’.
865 561 956 626 Caes.
992 563 1028 627 B.
1064 567 1100 629 11.
1136 529 1201 628 ΙῙΙΙ
1238 569 1291 645 32,
1332 570 1352 629 2

191 661 345 745 ‘reliquas
379 663 501 725 armari
536 669 568 726 et
602 662 775 727 confestim
805 686 875 729 sese
905 666 1061 749 subsequi
1091 667 1206 732 iussit’.
1266 669 1352 733 item

191 762 281 830 Curt.
305 765 333 828 V
355 769 384 842 4,
409 768 448 828 27
478 765 619 828 ‘strenue
654 766 782 829 armati'
806 767 970 848 signifieat
999 771 1185 852 ‘postquam
1208 776 1351 835 strenue

190 889 224 932 se
249 866 478 933 armauerunt’.
525 865 579 947 (cf.
604 867 754 948 accingi).
798 868 861 933 hoo
889 871 989 951 igitur
1011 872 1113 937 uerbo
1136 860 1272 954 recepto
1298 874 1351 937 sio

168 1032 169 1036 ,
190 970 399 1034 scribendum
421 969 566 1033 uidetur:
591 970 713 1034 ormari
735 971 851 1035 milites
874 977 964 1055 etque
987 972 1147 1038 discedere
1167 976 1202 1038 iri
1225 995 1350 1040 correrio

188 1074 334 1137 disserat.
380 1071 501 1136 milites
526 1072 628 1149 enim,
658 1093 731 1136 oum
754 1075 841 1138 acies
865 1075 1065 1156 disponitur,
1089 1077 1123 1139 in
1147 1097 1273 1140 cornua
1296 1077 1350 1142 di-

189 1175 388 1257 grediuntur.
435 1173 474 1237 of.
499 1174 641 1258 IIII-12,
672 1178 689 1237 3
722 1177 761 1239 ‘in
787 1196 909 1240 cornua
934 1177 1093 1243 diuiserat
1115 1179 1280 1261 peditem',
1313 1187 1350 1245 et

189 1278 255 1341 ibd.
281 1283 308 1356 9,
335 1283 382 1344 17.

320 1386 367 1458 13,
394 1389 430 1448 13
456 1385 479 1449 Ρ
503 1406 577 1449 eum
601 1384 687 1448 Mod.
707 1381 788 1471 Bud.
814 1381 900 1444 Flor.
924 1381 989 1444 DF
1003 1381 1059 1446 ol
1082 1383 1347 1465 Hepesimoelus,

188 1504 253 1547 non
278 1484 521 1567 ‘Symmachus',
555 1487 641 1568 quod
665 1485 830 1568 quomodo
854 1491 960 1547 ortum
985 1486 1037 1563 sit,
1067 1507 1107 1549 ex
1129 1487 1237 1551 diuiso
1262 1489 1296 1551 11
1322 1489 1350 1553 P

187 1589 317 1651 nomine
341 1589 432 1672 ‘hege
457 1588 630 1653 simachus’
655 1588 770 1652 elucet.
822 1607 897 1649 nam
922 1607 995 1650 oum
1026 1589 1117 1670 prior
1145 1590 1239 1652 uocis
1263 1610 1348 1673 pars

189 1711 252 1772 quo
277 1693 466 1772 pertineret,
489 1713 553 1755 non
578 1697 664 1756 esset
682 1690 895 1765 intellectum,
920 1691 1083 1770 posterior
1095 1697 1232 1770 tantum,
1254 1693 1348 1759 unde

186 1793 426 1858 mutatiunoula
459 1794 610 1858 adhibita
643 1795 803 1858 usitatum
836 1813 954 1855 nomen
982 1790 1077 1855 111111
1111 1791 1194 1857 effici
1217 1802 1348 1876 posset,

188 1901 318 1959 retenta
342 1903 401 1960 est.
438 1896 667 1977 Hegesimaohi
690 1903 798 1960 autem
822 1915 939 1958 nomen
962 1896 1129 1960 inuenitur
1150 1897 1183 1958 in
1206 1917 1348 1963 nummo

191 1984 428 2062 diadochorum
450 1999 655 2083 temporibus
678 2020 698 2063 a
720 1999 916 2078 magistratu
930 1995 1132 2079 Colophonio
1156 2019 1235 2063 cuso
1261 1998 1346 2078 (uid.

190 2099 337 2178 Mueller,
361 2101 624 2185 Numismatique
648 2101 864 2165 d'Alexandre
886 2100 917 2163 le
941 2099 1063 2178 (leand,
1086 2097 1227 2182 (lopenh.
1249 2106 1347 2182 1855,

187 2202 246 2266 XV
263 2225 293 2266 n.
317 2207 421 2283 1013),
445 2213 477 2269 et
499 2205 586 2269 idem
610 2211 660 2269 est
678 2204 812 2268 Pindari
836 2206 870 2268 et
882 2202 1050 2267 Plutarchi
1074 2203 1346 2286 ‘Agesimaohus’.

188 2304 395 2388 frequentius
419 2329 496 2372 sane
521 2315 572 2371 est
596 2305 870 2388 ‘Hegesistratus'.

319 2415 370 2487 13,
395 2414 435 2472 23
470 2408 561 2473 editt.
596 2410 758 2492 plerique:
799 2409 930 2472 traicere
969 2427 1090 2472 eruceri
1124 2443 1166 2453 —
1191 2408 1347 2490 perabat,

188 2531 257 2574 euro
288 2512 432 2590 procelle
470 2513 600 2576 imbrem
638 2512 696 2576 circ
734 2509 791 2592 sirb
833 2510 923 2574 tectis
965 2511 1158 2576 tolerabilem
1192 2513 1347 2592 effundit.

188 2613 351 2696 obretiqire
372 2614 489 2678 milites
511 2616 615 2678 nimbo
637 2616 672 2678 iri
696 2621 812 2682 terrem
833 2613 1020 2695 resceperunt
1040 2614 1183 2693 oedipiis
1199 2613 1350 2680 relibas-

188 2738 247 2797 qde
270 2717 414 2782 desertis.
450 2719 567 2782 mirum
580 2718 613 2781 in
625 2718 756 2781 modum
770 2725 937 2801 postrema
957 2718 1120 2781 sententia
1139 2739 1159 2781 1
1177 2720 1348 2799 superiori

188 2819 374 2898 diuellitur,
409 2821 503 2904 quasi
532 2821 609 2901 fuga
641 2821 778 2884 militum
803 2841 866 2884 non
891 2828 924 2884 11
946 2821 1018 2903 ipsa
1041 2819 1169 2883 subitae
1193 2828 1226 2883 11
1249 2821 1348 2886 inex-

188 2930 356 3003 spectatae
390 2925 438 2986 rei
471 2945 547 3006 pars
581 2922 689 2987 fuerit.
744 2923 945 2986 redeundum
980 2923 1090 3005 potius
1119 2923 1161 2986 ad
1190 2930 1349 2990 ueterum

188 3024 351 3090 editorum
364 3027 567 3108 scripturam,
592 3034 677 3109 q'uae
701 3047 740 3089 ex
759 3025 998 3089 recentioribus
1018 3024 1185 3088 codicibus
1203 3027 1347 3108 peteba-

188 3132 251 3205 tur,
275 3127 397 3206 effiidit,
422 3126 591 3211 obretiqde.

318 3233 366 3306 14,
393 3236 429 3294 15
453 3231 552 3314 uulgo
575 3237 623 3306 tir,
652 3231 825 3312 1111191111,
851 3235 878 3293 et
902 3236 943 3309 to,
967 3229 1135 3308 Leoeriote,
1159 3235 1189 3293 et
1211 3230 1348 3298 Terrore

124 3373 126 3379 -
187 3331 380 3396 indebemioi
402 3334 438 3396 iri
460 3335 596 3398 mediore
624 3335 730 3399 deiero.
786 3333 972 3397 addendum
999 3335 1033 3395 in
1063 3333 1161 3396 tertio
1192 3334 1346 3400 membro

188 3438 222 3498 111
244 3441 320 3498 1111
344 3433 505 3512 ‘Tauron’‚
530 3437 803 3518 quemadmodum
826 3437 860 3499 in
883 3435 1011 3499 duobus
1034 3435 1196 3517 prioribus
1221 3444 1281 3500 est.
1299 3472 1348 3484 —-

114 3562 117 3567 ¹
186 3537 253 3600 ibd.
283 3536 299 3619 ἕ
333 3542 380 3616 19,
413 3539 470 3603 ubi
503 3539 595 3602 nulla
628 3547 678 3603 est
712 3539 911 3603 coniunctiui
940 3537 1143 3601 ‘statuerent’
1177 3539 1273 3616 ratio,
1310 3549 1348 3606 et

118 3645 119 3648 ’
186 3641 387 3706 indicatiuus
411 3643 527 3706 modus
551 3649 584 3707 et
605 3643 639 3706 id
656 3642 751 3705 uerbi
770 3648 909 3723 tempus,
934 3641 1023 3722 quod
1044 3640 1131 3722 apud
1149 3641 1348 3722 primariam

187 3745 369 3825 praesentis
392 3747 549 3828 temporis
578 3745 776 3810 sententiam
805 3745 838 3807 in
861 3743 1015 3826 pendenti
1044 3745 1213 3807 enuntiato
1244 3765 1348 3826 prae·

187 3847 322 3908 teritum
355 3855 442 3911 reete
474 3848 646 3931 signifieat,
681 3846 886 3911 restituenda
918 3847 984 3925 ita,
1020 3853 1057 3909 ut
1088 3845 1249 3911 scribatur
1274 3853 1346 3914 ste-

190 3951 326 4011 trrerirrrt.

272 4050 366 4114 VIIII
381 4055 406 4129 1,
429 4056 446 4114 6
470 4051 495 4115 Ρ
519 4058 654 4117 ceteram
676 4052 732 4116 boe
753 4067 865 4116 tierneo
887 4050 986 4116 beluis
1008 4051 1146 4114 inditore
1168 4049 1346 4133 oGrcecis

186 4155 341 4217 sermonis
363 4154 472 4235 ipoeri
494 4155 585 4219 eliud
602 4156 718 4237 liopdo
740 4176 800 4220 siro
822 4160 986 4234 osirrperit.
1034 4153 1168 4236 duplex,
1203 4162 1239 4217 ut
1270 4155 1346 4222 fere

187 4255 287 4334 solet,
323 4256 522 4321 deteriorum
546 4259 694 4323 codicum
718 4258 912 4322 emendandi
940 4258 1036 4320 ratio.
1093 4278 1231 4339 quorum
1255 4257 1345 4324 Bud.

185 4356 253 4421 Pal.
281 4363 295 4420 l
320 4358 405 4423 Flor.
430 4360 458 4422 D
482 4359 506 4422 F
531 4360 546 4422 l
569 4360 778 4425 membranae
801 4361 912 4437 Medii,
942 4360 998 4442 qui
1021 4360 1149 4423 codices
1171 4360 1201 4422 ‘a
1219 4357 1346 4427 Graeci

187 4462 345 4524 sermonis
369 4462 501 4542 ignaris’
526 4463 683 4541 scribunt,
705 4463 842 4539 frustra,
866 4469 903 4525 ut
926 4463 972 4525 ait
995 4461 1139 4538 lllodius,
1170 4462 1346 4543 postulant

187 4561 250 4624 sibi
284 4562 390 4640 credi,
424 4564 650 4630 rhinocerotas
683 4586 748 4629 non
782 4587 802 4629 1
837 4565 972 4629 Graecis
1006 4584 1123 4637 nomen
1157 4566 1344 4645 accepisse.

187 4664 322 4741 accedit,
348 4665 435 4748 quod
458 4668 490 4729 in
515 4668 694 4750 posteriore
720 4668 893 4744 sententia,
925 4687 1023 4749 quam
1045 4665 1127 4729 haec
1150 4666 1344 4735 emendatio
