3068 5152
745 383 784 443 66

192 569 315 651 pretias
344 573 373 633 et
400 567 595 650 querentium
623 567 747 631 litterae
770 567 804 648 (a
825 565 916 650 rege)
940 572 1084 648 exceptae
1105 572 1188 632 suut.
1234 571 1266 631 et
1287 566 1349 650 qui

191 676 275 754 forte
299 671 436 736 taedium
458 669 576 735 loboris
597 691 659 751 per
686 670 809 735 litteras
836 675 928 735 eruut
954 671 1062 751 questi,
1097 670 1178 734 tuuc
1210 689 1346 734 seorsus

192 775 347 866 eohortem
368 795 388 838 o
410 775 520 838 ceteris
542 774 666 837 tendere
688 774 866 854 iquorue'uoe
895 793 989 836 correo
1019 772 1112 836 iubet.
1157 771 1346 837 offenderat

190 877 224 941 in
246 875 297 941 his
326 878 436 942 uerbis
467 878 537 940 iam
560 875 682 940 nobilis
711 875 767 940 ille
795 877 856 952 uir,
891 875 942 938 cui
966 896 1005 939 ex
1027 876 1149 940 criticis
1172 874 1345 940 Curtianis

190 980 367 1061 plurimum
388 980 529 1044 fortasse
557 980 716 1044 acuminis
744 977 815 1056 fuit,
844 977 966 1042 Ualens
990 977 1167 1058 Acidalius,
1202 985 1236 1043 et
1265 986 1346 1061 post

191 1103 263 1146 eum
287 1104 398 1148 omnes
422 1083 576 1165 deinceps
599 1083 655 1163 qui
678 1080 826 1146 Curtium
849 1080 1031 1146 ediderunt.
1066 1101 1203 1164 quorum
1227 1082 1344 1145 uarias

190 1184 431 1267 disputationes
455 1183 763 1266 emendationesque
787 1185 940 1266 quoniam
960 1185 1113 1266 persequi
1129 1183 1260 1265 longum
1278 1191 1344 1265 est,

190 1287 361 1352 uideamus
391 1288 541 1364 strictim,
576 1294 740 1368 quare.et
766 1285 831 1350 illis
860 1291 893 1350 et
914 1285 1133 1378 nobis'litura
1156 1286 1223 1351 stili
1246 1286 1345 1351 locus

189 1412 285 1473 egere
313 1391 477 1455 uideatur.
524 1391 629 1472 prima
658 1390 759 1471 igitur
786 1388 921 1454 offensio
949 1390 983 1453 in
1006 1391 1181 1471 ‘agentium
1205 1390 1344 1470 gratias’

190 1498 249 1559 est.
295 1514 371 1557 nam
394 1493 512 1557 militia
535 1492 653 1575 quibus
677 1493 752 1557 ‘non
774 1493 912 1574 ingrata'
936 1496 995 1571 est,
1025 1493 1065 1556 iis
1093 1514 1158 1556 non
1181 1493 1264 1557 adeo
1287 1498 1345 1557 est

190 1603 293 1680 grata,
315 1604 353 1660 ut
376 1597 476 1660 etiam
499 1597 624 1677 gratias
649 1590 759 1677 agant.
793 1617 900 1678 neque
924 1596 952 1659 si
974 1596 1049 1660 ‘non
1071 1592 1228 1677 ingratus'
1252 1595 1344 1658 idem

189 1706 276 1764 esset
294 1699 383 1782 quod
401 1699 635 1781 ‘gratissimus',·
656 1702 765 1762 tamen
780 1699 955 1780 ‘agentium
972 1698 1104 1780 gratias’
1121 1720 1188 1762 non
1207 1698 1343 1763 soloeoe

188 1803 241 1868 hic
263 1824 322 1885 pro
341 1802 491 1883 ‘gratiam
513 1822 583 1866 sese
605 1800 728 1865 habere
752 1799 940 1865 dicentium’
957 1809 1180 1883 usurparetur.
1216 1802 1343 1885 quippe

190 1912 328 1989 propter
349 1905 497 1969 militiam
521 1910 632 1987 grates
658 1905 729 1987 regi
760 1904 821 1968 soli
851 1905 905 1987 agi
938 1910 1106 1986 poterant;
1141 1907 1236 1988 atqui
1273 1927 1342 1969 non

188 2009 275 2091 huic,
298 2009 355 2073 sed
374 2008 565 2072 necessariis
584 2007 652 2071 suis
670 2009 848 2090 amicisque
867 2009 899 2086 ii,
924 2028 1061 2091 quorum
1078 2008 1209 2073 litterae
1227 2029 1342 2090 arege

189 2110 448 2196 excipiebantur,
482 2107 678 2173 scribebant.
726 2109 842 2174 deinde
871 2112 941 2175 siue
964 2112 998 2174 in
1020 2111 1140 2175 militia
1162 2111 1232 2174 siue
1256 2109 1342 2175 alibi

188 2238 254 2281 non
276 2214 422 2279 taedium
445 2210 568 2276 laboris
591 2214 703 2294 ignaui
726 2220 916 2298 queruntur,
940 2213 998 2278 sed
1020 2213 1131 2279 taedio
1152 2213 1277 2278 laboris
1297 2214 1342 2279 de

112 2301 113 2306 ἵ
188 2319 352 2402 grauitate
375 2317 528 2380 muneris.
563 2316 702 2397 denique
726 2317 759 2379 in
782 2317 1017 2399 coniungendis
1041 2317 1210 2381 sententiis
1234 2338 1342 2382 enun-

188 2420 283 2486 tiatio
305 2420 349 2483 ‘et
371 2419 428 2502 qui
450 2419 534 2482 forte
556 2452 599 2462 —
622 2425 717 2482 erant
736 2419 853 2502 questi’
873 2419 915 2482 ab
940 2418 1119 2484 editoribus
1143 2420 1342 2504 plerumque

189 2524 229 2588 ad
266 2521 437 2606 sequentia
469 2542 533 2585 non
566 2527 655 2586 recte
687 2521 777 2586 trahi
811 2523 889 2585 mihi
924 2522 1064 2586 uidetru.
1108 2543 1213 2606 neque
1248 2525 1341 2588 enim

189 2631 264 2710 post
298 2630 452 2707 exceptas
484 2624 624 2703 litteras,
641 2646 741 2709 ,quas
774 2646 808 2690 se
842 2624 1009 2707 aperuisse
1043 2646 1101 2689 rex
1135 2627 1203 2689 sine
1234 2625 1340 2692 dubio

189 2749 317 2812 semper
340 2726 538 2805 occultabat,
562 2727 620 2792 sed
643 2733 719 2810 post
741 2734 879 2793 mortem
896 2727 1120 2792 Parmenionis
1143 2729 1253 2806 exiis,
1279 2730 1341 2812 qui

187 2839 257 2897 tum
280 2831 390 2915 palam
414 2831 453 2894 de
476 2851 552 2911 rege
576 2832 683 2913 questi
700 2837 802 2907 erant,
828 2830 1057 2902 seditiosorum
1076 2830 1243 2896 cohortem
1262 2830 1342 2895 fieri

187 2936 348 2999 iussit.——
367 2938 478 2997 earu'm
500 2935 609 2997 rerum
632 2954 672 2998 ea
693 2933 821 2998 medela
843 2933 923 2997 mihi
946 2955 1018 2999 esse
1040 2934 1180 3013 uidetur,
1205 2940 1242 2997 ut
1264 2954 1341 2998 sen-

187 3039 292 3102 tentia
314 3038 372 3101 ‘ita
399 3043 432 3100 et
460 3037 628 3119 agentium
656 3037 779 3118 gratias
814 3043 846 3100 et
879 3026 1082 3120 querentium
1115 3036 1246 3101 litterae
1281 3057 1341 3100 ex-

188 3149 302 3225 ceptae
322 3140 408 3208 sunt’
421 3139 581 3206 emblema
598 3138 870 3221 interpolatorum
887 3140 1059 3219 iudicetur,
1085 3146 1198 3203 cetera
1216 3138 1340 3206 deinde

189 3245 300 3327 paucis
312 3243 448 3306 mutatis
466 3243 514 3306 ita
532 3242 786 3321 coniungantur:
803 3242 967 3323 plerisque
984 3262 1048 3305 uou
1064 3244 1190 3324 iuproto
1206 3241 1339 3321 mititte,

189 3345 246 3408 etsi
268 3350 350 3428 forte
373 3346 476 3409 toedio
500 3341 618 3407 loboris
634 3363 696 3422 per
719 3344 839 3409 litteras
857 3350 947 3409 eruut
963 3344 1073 3427 questi.
1108 3346 1188 3408 boue
1205 3364 1340 3409 seorsus

189 3449 344 3513 cohortem
367 3454 442 3511 cett.
488 3446 669 3529 ‘plerisque'
693 3453 744 3511 est
766 3449 964 3530 permultis,
999 3447 1272 3532 quemadmodum
1301 3454 1340 3512 in

190 3553 287 3617 simili
310 3558 476 3616 structura
497 3548 546 3613 Ill
568 3554 596 3628 8,
621 3552 661 3612 26
685 3556 748 3614 est:
784 3552 851 3615 ‘alii
879 3553 912 3615 in
942 3553 1054 3633 iugum
1076 3551 1195 3615 montis
1220 3569 1338 3616 euase-
1412 3550 1415 3557 ’

187 3661 272 3735 rant,
297 3675 397 3738 equos
420 3653 569 3737 plerique
585 3651 782 3732 frenabant,
805 3655 1014 3735 nequeenim
1033 3655 1137 3719 maior
1154 3674 1231 3737 pars
1250 3654 1339 3717 mili-

188 3764 258 3824 tum
283 3759 408 3842 equites
432 3762 534 3820 erant.
1279 3747 1283 3755 '

318 3865 345 3941 3,
371 3864 389 3922 5
412 3859 437 3923 P
453 3858 540 3923 uullo
559 3859 740 3923 commercio
759 3860 916 3924 uolouteur
933 3861 942 3939 l
959 3865 1054 3924 utuos
1070 3879 1159 3923 usus,
1192 3858 1338 3924 fortasse

187 3985 301 4029 uerum
330 3963 407 4027 erit:
440 3962 589 4044 uolpoute
620 3967 762 4041 ruutuos;
794 3984 870 4026 nam
899 3963 1127 4027 commercium
1154 3983 1338 4044 ususgen·

187 4069 270 4132 tium
300 4070 481 4132 commutat
509 4072 542 4129 et
570 4063 691 4144 uolgat.
737 4066 917 4130 deteriores
941 4067 1069 4130 codices
1092 4064 1278 4131 ‘uolantem'
1300 4068 1339 4131 in

145 4244 149 4254 Ι
186 4167 371 4235 ‘uolentem’
392 4167 566 4232 infeliciter
592 4173 812 4248 mutarerunt,
839 4169 926 4233 unde
949 4169 1133 4232 Acidalium
1162 4168 1338 4235 deficiente

189 4279 281 4338 certo
319 4270 533 4335 fundamento
573 4269 655 4334 nihil
693 4272 808 4337 melius
849 4292 947 4354 quam
988 4270 1166 4335 ‘colentem'
1206 4279 1338 4337 struere

187 4377 344 4459 potuisse,
366 4393 462 4438 nemo
484 4371 671 4437 mirabitur.

317 4482 345 4556 3,
369 4481 388 4541 8
412 4477 588 4541 admodum
612 4476 744 4543 confuse
766 4479 800 4541 in
823 4477 916 4542 codd.
941 4485 1006 4542 est:
1041 4479 1117 4560 quio
1144 4474 1265 4539 eteritis
1288 4483 1340 4540 est

190 4584 275 4645 terro
297 4581 437 4660 moterlo,
460 4581 496 4643 r'u
517 4581 602 4644 uudo
626 4580 719 4644 etium
741 4586 842 4645 moute
865 4582 969 4659 dorso,
997 4600 1094 4676 usque
1116 4581 1157 4644 od
1178 4598 1339 4646 summum
