3068 5152
743 387 783 447 89

190 571 381 652 cirarraflra't
402 571 564 635 translata
587 571 628 634 ad
652 592 780 654 paragr.
806 575 824 635 9
848 576 923 653 post
941 568 1137 649 haecspolr'a
1150 567 1339 633 debentibus

189 674 347 738 sustinere
363 694 426 738 aaa
437 673 579 753 possunt
597 672 749 756 ponenda
767 694 838 736 esse
856 672 1019 736 uidentur.
1060 678 1176 754 aperta
1189 672 1340 736 emenda·

189 777 287 840 tionis
310 777 405 841 ratio.
450 797 526 839 nam
560 777 598 852 si,
632 776 739 859 qualis
768 797 854 841 nunc
884 782 944 851 est,
978 773 1155 839 uerborum
1186 774 1266 839 ordo
1289 796 1340 838 re-

190 878 359 961 linquitur,
383 878 473 954 illud,
503 879 595 942 cuius
619 878 854 943 Macedonibus
882 878 947 941 iam
977 876 1050 959 plus
1081 898 1178 960 quam
1208 879 1342 960 capiunt

191 1002 261 1045 esse
298 980 427 1048 dicitur.
462 981 632 1061 imperium
668 987 727 1044 est.
786 981 844 1045 sed
878 981 951 1062 quis
992 980 1112 1061 ingenii
1148 987 1181 1043 et
1212 1000 1341 1044 morum

189 1083 367 1159 Alexandri
390 1082 502 1164 paullo
525 1062 663 1165 peritior
685 1081 786 1160 illum,
817 1085 870 1147 cui
897 1081 980 1147 nulli
1008 1082 1100 1164 regni
1129 1082 1179 1145 sui
1208 1082 1342 1145 termini

190 1187 271 1250 satis
295 1185 395 1269 ampli
418 1185 609 1249 uiderentur
632 1206 793 1268 quemque
822 1207 863 1249 ne
887 1186 921 1249 in
943 1184 1038 1248 India
1061 1183 1193 1268 quidem
1216 1183 1340 1264 gloriae

191 1288 352 1371 cupiditas
387 1289 552 1371 quiescere
587 1289 721 1364 sineret,
756 1289 826 1351 ‘iam
861 1294 960 1352 antea
992 1288 1025 1350 in
1058 1286 1151 1350 aditu
1184 1292 1217 1350 et
1245 1272 1342 1349 'uelut

189 1391 301 1455 limine
323 1390 437 1456 Indiae
465 1393 600 1454 nimium
630 1391 800 1472 imperium
825 1412 918 1454 suum
941 1388 1115 1463 iudicasse,
1139 1387 1273 1452 credat?
1307 1395 1343 1452 at

190 1493 230 1557 de
255 1493 388 1571 diuitiis,
422 1514 559 1574 quarum
586 1492 641 1557 ille
671 1514 799 1576 semper
827 1499 1033 1575 contemptor
1054 1491 1126 1568 fuit,
1159 1491 1341 1554 rectissime

191 1596 349 1674 dicentur,
374 1603 407 1659 et
430 1596 589 1659 auaritiae
612 1617 631 1658 a
654 1596 813 1659 militibus
835 1597 905 1676 regi
928 1595 1146 1677 exprobratus
1170 1592 1341 1656 auiditatis

190 1699 389 1763 insatiabilis
429 1700 548 1762 crimen
591 1699 632 1763 ab
666 1697 853 1773 Alexandro
888 1700 920 1761 iu
954 1697 1149 1761 Macedones
1183 1702 1341 1760 retortum

191 1808 305 1884 aptum
338 1802 530 1884 responsum
565 1801 635 1864 erit.
693 1801 833 1865 dicerem
869 1802 967 1864 etiam
1001 1820 1180 1883 pronomen
1211 1797 1342 1861 ‘eorum’

193 1903 223 1985 (ἓ
251 1905 302 1984 13)
327 1913 440 1968 nostra
463 1905 672 1981 correctione,
702 1925 767 1986 quo
796 1905 930 1987 propius
958 1903 1121 1966 referatur
1151 1897 1341 1982 (‘horum’§

194 2006 257 2087 12),
282 2009 440 2088 accipere,
464 2007 527 2070 nisi
549 2006 635 2082 inde,
666 2006 723 2070 ubi
745 2008 919 2088 scriptura¹
936 2007 1068 2069 minime
1098 2010 1188 2068 certa
1211 2010 1270 2079 est,
1300 2003 1342 2066 ab

191 2111 323 2173 ineunte
358 2108 374 2191 ἓ
413 2113 459 2189 13,
494 2115 720 2188 argumentum
755 2116 865 2190 petere
899 2118 1087 2173 metuerem.
1112 2113 1342 2189 —postremo

191 2211 256 2276 IlII
290 2216 318 2286 2,
354 2215 404 2288 22,
444 2213 598 2294 quoniam
632 2213 753 2275 ueteris
788 2211 962 2276 uerborum
996 2208 1231 2284 translationis,
1267 2208 1343 2271 olim

192 2336 277 2398 quae
302 2315 452 2379 omnibus
476 2313 657 2378 editoribus
681 2314 822 2397 probata
845 2321 941 2392 esset,
970 2314 1035 2378 iam
1059 2320 1135 2395 post
1157 2311 1344 2393 Zumptium

191 2420 348 2481 memoria
388 2418 561 2481 euanuisse
600 2417 748 2495 uidetur,
787 2417 890 2481 uerba
931 2423 961 2481 et
994 2437 1053 2497 qao
1088 2417 1212 2497 turpius
1245 2415 1343 2479 moles

192 2518 342 2601 apebatar
365 2541 384 2584 a
407 2521 521 2600 littore,
544 2519 603 2584 boe'
623 2521 730 2601 crepis,
760 2521 910 2602 quicquid
930 2520 1139 2601 inperciatur,
1161 2518 1344 2598 praealtam

192 2621 372 2686 absorbebat
394 2642 480 2686 raore
502 2643 602 2704 supra
625 2620 641 2703 ἓ
668 2626 705 2685 19
729 2630 803 2704 post
825 2623 1009 2704 ‘aequabat'
1033 2623 1192 2686 excidisse
1210 2641 1343 2699 moneo;

193 2747 277 2808 quae
301 2726 485 2789 emendatio
509 2726 629 2788 iamin
653 2726 796 2790 editione
821 2725 963 2790 Giuntae
988 2726 1029 2805 (a.
1056 2724 1151 2805 1507)
1175 2723 1343 2787 inuenitur

193 2838 226 2893 et
248 2828 388 2893 fortasse
412 2830 509 2892 etiam
533 2830 696 2891 uetustior
718 2835 778 2892 est.

322 2938 349 3009 3,
376 2936 413 2995 10
436 2931 549 3012 uolgo:
571 2929 636 2993 tara
659 2930 719 2993 tela
741 2931 861 2994 hebetia
882 2936 965 3008 suat,
987 2931 1050 2994 tara
1073 2948 1160 2993 arraa
1182 2927 1341 3008 deficiant.

192 3040 310 3098 aestera
336 3033 496 3098 Persicam
518 3033 691 3123 induimus,
715 3034 790 3113 qaia
813 3034 981 3098 domestica
998 3031 1130 3096 sabaebr‘
1147 3051 1211 3095 aaa
1226 3035 1341 3110 potest.

169 3138 227 3220 vta
249 3142 412 3200 eateraura
436 3136 696 3216 depeaeraar'mas
718 3137 842 3200 caritura.
889 3141 982 3217 quoto
1012 3136 1120 3214 eratque
1148 3134 1244 3197 lorica
1275 3130 1344 3196 est?

193 3244 269 3302 cett.
294 3239 352 3302 sod
376 3240 424 3302 ita
445 3240 540 3302 nimis
563 3260 660 3322 saepe
684 3239 840 3303 inciditur
863 3239 969 3302 oratio
992 3244 1187 3320 praeterque
1212 3236 1343 3300 modum

192 3342 226 3404 in
260 3340 441 3422 particulas
476 3342 682 3425 discerpitur.
728 3350 795 3405 tum
832 3362 849 3404 e
883 3341 977 3405 codd.
1024 3342 1118 3404 Bern.
1151 3342 1175 3402 Α
1206 3337 1344 3402 Flora

194 3442 283 3506 Leid.
324 3449 334 3504 l
372 3442 466 3508 Uoss
504 3452 517 3508 l
554 3467 618 3510 non
648 3443 833 3507 ‘induimus’
862 3443 918 3507 sed
941 3442 1034 3507 iactat
1058 3450 1220 3518 enotatur,
1256 3440 1343 3506 exP

192 3545 305 3623 iadait,
328 3547 413 3609 uude
433 3548 561 3611 duabus
580 3549 708 3623 litteris,
733 3567 818 3628 quae
836 3567 933 3628 saepe
954 3548 1043 3617 inter,
1055 3567 1088 3608 se
1107 3550 1343 3628 permutantur,

192 3651 404 3732 transpositis
437 3649 518 3713 haec
552 3649 750 3714 efficiuntur:
784 3653 903 3713 aestern
935 3649 1095 3713 Persicam
1123 3647 1238 3725 iactati,
1269 3647 1345 3728 qaia

194 3752 363 3817 domestico
377 3751 509 3816 sabaebr'
519 3773 582 3816 aaa
591 3758 705 3832 potest,
724 3753 759 3815 r'a
771 3757 933 3815 exteraara
945 3751 1205 3832 depeaeraar'rrras
1218 3749 1342 3813 cultam.

323 3861 350 3931 3,
378 3859 415 3919 18
440 3854 463 3918 P
487 3855 542 3918 ille
572 3856 783 3937 (Alexander)
813 3873 869 3918 aec
900 3855 1054 3935 castipare
1084 3854 1261 3917 obstinatos
1288 3871 1344 3915 aec

192 3959 337 4040 mittpare
352 3963 481 4037 poterat
507 3958 618 4022 iratas.
665 3959 765 4022 ceteri
789 3955 919 4021 ‘iratos'.
965 3963 1001 4021 at
1027 3979 1092 4020 non
1121 3954 1239 4020 milites
1267 3954 1343 4017 irati

194 4068 295 4137 erant,
325 4063 445 4144 qnippe
470 4061 535 4144 qui,
565 4062 689 4124 utiam
718 4058 791 4122 finis
819 4059 966 4124 infinitae
996 4059 1212 4142 expeditionis
1239 4056 1344 4133 fieret,

193 4184 257 4226 non
281 4185 354 4227 cum
377 4164 427 4227 ira
450 4169 508 4227 aut
530 4163 685 4227 seditiose
709 4163 885 4244 postulare,
915 4161 970 4224 sed
995 4182 1066 4225 cum
1091 4162 1222 4243 ploratu
1246 4161 1344 4242 gemi-

192 4270 294 4349 tuque
318 4274 429 4349 petere
452 4266 625 4330 faciantur.
649 4264 833 4329 Alexander
856 4284 913 4328 cur
936 4265 1134 4329 irasceretur
1148 4283 1344 4346 magnopere

193 4379 274 4445 erat,
299 4370 355 4451 qui
378 4370 419 4432 ab
443 4370 595 4433 instituto
619 4368 743 4448 gloriae
762 4389 860 4432 cursu
882 4367 923 4431 ad
943 4368 1105 4449 ignauiam
1119 4373 1345 4446 reuocaretur3

193 4472 380 4554 iratumque
414 4471 511 4536 fuisse
546 4481 578 4537 et
612 4493 712 4554 supra
735 4473 792 4550 §2
827 4471 951 4535 dictum
984 4477 1056 4534 erat
1082 4491 1345 4554 -quamquam

192 4579 261 4638 tum
285 4575 416 4656 quidem
440 4574 609 4656 paulisper
631 4576 682 4638 ira
705 4575 737 4637 in
761 4572 1020 4637 misericordiam
1039 4576 1180 4637 uertisse
1202 4573 1347 4638 traditur

194 4712 231 4721 -
257 4685 290 4742 et
324 4678 409 4741 infra
442 4674 459 4758 ἓ
496 4681 534 4740 19
568 4678 688 4740 iterum
717 4675 1035 4741 commemorabitur.
1080 4677 1194 4758 itaque
1224 4677 1251 4740 si
1280 4697 1346 4753 rex,
