3068 5152
748 413 787 473 37

321 599 348 670 9,
379 598 398 658 9
427 596 593 660 renouabo
621 596 674 661 hio
701 596 848 663 breuiter
877 601 1068 665 memoriam
1102 603 1340 668 emendationis

191 693 412 773 Freinshemii,
442 699 498 781 qui
525 719 590 762 non
620 698 769 764 dubitare
799 722 879 779 sese,
916 703 992 784 quin
1023 704 1124 768 uerba
1153 706 1237 770 sicut
1270 710 1341 771 unte

190 797 376 880 Euphraten
399 801 541 864 insiticia
564 808 683 881 essent,
709 803 799 868 dixit.
838 811 871 868 et
895 826 972 869 sane
997 793 1122 887 putida*
1137 810 1340 890 comparatio

195 909 253 982 est,
283 925 366 986 quae
391 903 517 983 uolgari
545 906 709 988 scriptura
731 907 933 987 instituitur,
956 926 1037 972 'nam
1060 909 1252 992 Euphraten
1277 912 1341 975 Da-

192 1029 266 1070 reus
290 1006 417 1072 duobus
441 1008 534 1072 annis
564 1015 639 1071 ante
668 1029 740 1072 oum
771 1009 835 1073 alio
859 1011 1013 1089 exercitu,
1042 1011 1177 1078 dimidio
1209 1013 1340 1095 quidem
1426 1076 1428 1081 .

193 1111 310 1174 minori
338 1110 416 1192 (IIII
444 1115 472 1187 9,
497 1109 538 1190 3),
580 1131 676 1192 quarn
717 1132 813 1192 quem
852 1117 930 1208 tunp
968 1113 1118 1191 ducebat,
1152 1116 1338 1180 traiecerat.

192 1213 289 1277 huius
319 1235 394 1294 ergo
425 1212 698 1277 dissimilitudinis
727 1215 892 1278 mentione
920 1237 984 1279 non
1016 1214 1112 1294 faeta,
1142 1217 1231 1282 nulla
1260 1240 1340 1283 uera

193 1318 421 1380 traiectiouum
446 1316 578 1380 collatio
603 1322 662 1379 est.
705 1316 808 1380 uerba
831 1316 950 1401 aliquis
973 1319 1195 1401 adscripserat
1218 1341 1340 1385 memor

194 1442 312 1497 eorum,
343 1441 426 1502 quae
449 1419 495 1482 III
526 1424 553 1488 7.
586 1427 603 1482 2
629 1426 718 1482 sunt:
750 1419 801 1482 ‘ad
831 1419 1020 1503 Euphraten
1051 1421 1220 1485 contendit
1251 1424 1339 1487 iunc-

193 1532 291 1604 toque
316 1544 352 1585 eo
377 1509 698 1603 pontibus'quinque
723 1529 831 1585 tamen
851 1523 967 1587 diebus
986 1524 1117 1587 traiecit
1142 1525 1338 1590 exereitum’.

321 1629 348 1698 9,
382 1629 420 1687 14
449 1624 543 1688 eiuid.
595 1625 695 1705 igitur
724 1631 835 1707 quarto
872 1626 923 1689 die
952 1631 1082 1705 praeter
1109 1626 1228 1692 Arbela
1256 1628 1339 1710 (Ἅν-

192 1725 340 1791 meniam'
360 1728 470 1791 uerius
484 1726 640 1808 Miitzell.)
654 1732 802 1806 penetrat
820 1730 863 1792 ud
881 1728 1003 1810 Tiprio.
1038 1727 1209 1812 Thapsaeo
1228 1731 1270 1794 ad
1288 1731 1339 1794 Ti-

191 1832 272 1912 grin,
286 1830 417 1909 honest,
432 1831 458 1893 si
474 1829 714 1894 Eratosthenen
728 1831 904 1913 sequimur,
919 1831 983 1894 duo
998 1831 1087 1895 milia
1100 1833 1341 1914 quadringenta

193 1933 309 2010 stadia.
336 1941 491 2015 quattuor
516 1933 630 1996 diebus
655 1956 812 1998 nemone
837 1935 1032 2019 citatissimo
1057 1934 1188 2017 quidem
1212 1936 1340 2016 agmine

192 2036 329 2099 conficit.
376 2037 487 2118 itaque
515 2056 588 2098 cum
620 2036 659 2098 de
683 2037 808 2101 dierum
837 2057 984 2111 numero,
1015 2036 1132 2118 quibus
1159 2038 1221 2101 iter
1245 2036 1341 2102 Alex·

191 2140 294 2202 ander
317 2160 466 2201 emensus
491 2144 549 2216 est,
572 2137 652 2201 nihil
676 2138 806 2202 aliunde
830 2145 967 2217 constet,
992 2140 1017 2202 si
1042 2140 1264 2204 coniecturam
1287 2161 1340 2205 oa·
1415 2210 1416 2214 ,

192 2264 269 2323 pere
300 2243 386 2320 licet,
415 2241 678 2322 quattuordecim
709 2241 842 2320 dierum,
875 2243 902 2306 si
930 2242 1050 2324 raptim
1082 2262 1198 2324 agmen
1221 2245 1339 2325 agitur,

191 2346 245 2407 uia
268 2367 339 2410 esse
362 2346 508 2423 uidetur3
541 2344 628 2426 quod
652 2366 725 2409 oum
748 2345 795 2408 ita
824 2345 875 2424 sit,
904 2344 991 2408 inter
1014 2351 1125 2427 quarto
1153 2351 1186 2409 et
1214 2346 1340 2412 die'ex-

191 2448 307 2511 uidisse
332 2456 410 2530 puto
435 2449 561 2511 decime.
858 2506 860 2510 ,
1028 2439 1035 2455 ’
1386 2438 1387 2443 ’

322 2555 370 2629 10,
394 2556 414 2613 4
437 2551 461 2614 Ρ
485 2558 573 2614 rente
596 2551 788 2627 seditionem,
813 2554 849 2612 at
870 2569 932 2613 non
956 2549 1035 2612 item
1052 2537 1163 2629 prope,
1189 2551 1245 2615 sed
1269 2573 1341 2616 eum

91 2652 100 2671 ⁸
192 2654 311 2717 ceteris
335 2653 430 2717 codd.
447 2674 521 2733 pro.
555 2690 589 2697 —
617 2653 682 2724 ibd.
707 2652 793 2735 quod
823 2652 959 2716 uerbum
983 2652 1070 2716 iudei
1090 2652 1141 2717 bis
1170 2655 1202 2716 in
1228 2655 1342 2719 eadem

192 2756 342 2839 periodo,
380 2765 416 2820 ut
457 2756 538 2819 duas
579 2755 723 2819 eiusdem
765 2756 893 2835 generis
931 2762 1114 2820 structuras
1154 2756 1341 2840 copulatiue

192 2862 383 2924 coniunctas
406 2868 506 2941 regat,
538 2861 679 2940 ponitur,
707 2864 797 2921 rente
825 2857 906 2921 illud
931 2858 1060 2938 quidem
1091 2858 1133 2922 ab
1161 2859 1341 2924 editoribus
1398 2896 1400 2901 >

192 2964 384 3042 damnatur;
416 2963 473 3027 sed
497 2961 714 3025 omittendum
743 2961 880 3025 uerbum
904 2961 1012 3042 potius
1035 2962 1217 3043 posteriore
1242 2983 1338 3042 quani

193 3067 301 3149 priore
325 3067 413 3145 loeo,
444 3067 491 3129 sio
524 3066 608 3128 enim
633 3071 665 3127 et
696 3063 769 3126 usui
793 3062 897 3127 Curtii
925 3061 1065 3128 satisfiet
1097 3063 1168 3144 (uid
1197 3064 1338 3131 Miitzell.

192 3192 222 3252 p.
255 3169 306 3250 1'0)
336 3171 369 3233 in
396 3169 458 3233 hoe
484 3170 556 3251 ipso
580 3167 681 3230 uerbo
703 3154 826 3230 'iubeo'
855 3165 1019 3258 frequenti
1047 3172 1089 3244 et,
1117 3187 1174 3230 eur
1203 3168 1340 3232 uerbum

192 3272 356 3355 quispiam
395 3272 563 3349 adiecerit,
604 3269 786 3354 apparebit.
842 3290 916 3332 nam
958 3269 990 3332 in
1031 3275 1176 3334 extrema
1209 3270 1338 3355 quidem

191 3375 326 3456 periodo
349 3374 497 3452 uerbum,
520 3373 605 3437 unde
624 3373 733 3455 plures
751 3371 907 3436 infinitiui
925 3372 1148 3436 sententiaeue
1167 3374 1340 3457 pendeant,

192 3477 273 3563 adeo
298 3498 395 3560 saepe
419 3478 560 3560 ponitur,
590 3484 627 3540 ut
650 3497 689 3540 ea
711 3496 764 3539 res
788 3476 843 3539 uix
866 3494 1061 3557 quemquam
1090 3474 1132 3538 ad
1156 3475 1340 3539 addendum

192 3578 377 3644 adduxerit.
422 3579 506 3643 idem
538 3580 690 3643 mendum
713 3579 743 3641 X
768 3583 815 3657 10,
842 3582 880 3641 16
911 3579 952 3640 in·
973 3578 1074 3642 uerbo
1098 3578 1246 3642 ‘constat’
1275 3580 1340 3642 iam

191 3690 279 3746 reete
308 3682 444 3763 tollitur,
479 3704 583 3765 neque
612 3682 736 3760 dubito,
770 3682 848 3765 quin
883 3680 995 3744 eodem
1032 3679 1127 3744 modo
1158 3680 1200 3744 VI
1235 3686 1263 3759 6,
1301 3687 1338 3745 15

192 3782 323 3849 Curtius
348 3787 517 3868 scripserit
539 3784 680 3848 inmerito
706 3783 806 3848 iussit
828 3783 941 3847 obdrmi
962 3781 1092 3864 suisque
1109 3783 1251 3862 primuni
1273 3805 1341 3848 sur-

191 3887 274 3951 oinis
307 3890 376 3968 fuce
408 3886 534 3953 subdito
568 3891 684 3951 ceteros
717 3887 855 3965 incendi,
891 3885 953 3950 ubi
987 3891 1133 3949 extremo
1169 3887 1337 3951 enuntiato

191 3990 285 4055 omisi
301 3991 471 4071 proecepit,
499 3991 587 4074 quod
610 3989 746 4054 uerbum
768 3989 935 4053 rarissime
959 3989 1168 4053 aecusatiuus
1192 4010 1266 4053 eum
1288 3990 1344 4061 in-.

188 4091 317 4157 finitiuo
352 4094 513 4176 sequitur,
554 4092 641 4174 apud
676 4093 865 4174 scriptores
900 4112 981 4175 quos
1015 4089 1148 4156 Curtius
1182 4093 1339 4171 imitatur,

191 4196 279 4279 quod
302 4196 453 4274 sciamus,
478 4216 663 4277 numquam.

322 4303 369 4375 10,
396 4302 434 4362 19
458 4299 481 4361 Ρ
511 4297 624 4378 (Darei
653 4297 771 4378 mater)
794 4297 878 4361 inter
906 4317 1017 4361 socrus
1040 4302 1070 4361 et
1090 4298 1255 4379 uirpinum
1276 4295 1338 4376 fiti-

191 4421 281 4464 orum
303 4421 415 4465 monos
438 4401 586 4481 coniopso
614 4405 689 4478 erut,
721 4400 833 4465 deinde
860 4401 1006 4465 eatineto.
1051 4399 1133 4463 illud
1162 4398 1222 4478 ‘et’,
1252 4401 1340 4482 quod

193 4510 269 4567 ante
292 4505 432 4567 extincto
453 4505 485 4566 in
516 4502 589 4566 aliis
618 4502 710 4567 libris
734 4506 928 4580 inuenimus,
958 4523 1071 4566 reeens
1102 4523 1217 4567 manus
1241 4503 1340 4567 etiam

189 4608 223 4670 in
251 4607 276 4670 P
304 4605 441 4685 addidit,
476 4627 560 4690 quae
588 4627 704 4672 manus
739 4607 855 4672 eadem
890 4605 1001 4688 paullo
1036 4625 1136 4688 supra
1166 4603 1181 4689 ἓ
1215 4609 1252 4670 17
1286 4606 1338 4672 ‘at'
