3068 5152
782 395 823 455 90

222 597 285 640 non
309 578 438 650 milites,
462 578 633 642 leniendus
657 585 738 657 erat,
763 600 868 661 parua
887 581 1113 644 emendatione
1131 581 1384 645 terminationis

222 679 313 744 facta
336 680 560 745 scribendum:
584 682 728 762 mittporc‘
746 687 872 761 poterat
892 683 1004 747 tratas.

353 787 380 862 3,
415 787 454 847 20
489 783 584 847 codd.
618 783 665 846 toa·
696 783 777 862 forte
815 783 934 850 Ooeoas
967 784 1072 849 morbo
1106 785 1281 850 exstinctae
1319 790 1387 865 est;

224 886 312 949 calais
345 890 441 949 morte
470 885 625 967 inperauit
658 887 784 966 quidem
816 907 882 951 rea.
939 888 1161 971 recipiendum
1196 910 1234 952 ex
1264 888 1336 952 Pal.
1367 893 1383 951 l

223 1008 304 1051 uera
327 988 512 1052 emendatio
541 990 645 1064 morti,
675 1010 771 1070 quem
795 990 944 1054 datiuum
978 991 1115 1075 uerbum
1139 992 1289 1074 requirit.
1341 989 1384 1054 ct'.

225 1089 289 1153 IIII
315 1094 362 1167 10,
388 1094 427 1154 30
452 1093 655 1172 ‘ingemuisse
686 1093 785 1156 etiam
808 1093 1029 1157 Alexandrum
1058 1094 1174 1158 morti'.
1227 1094 1386 1158 oriuntur

224 1193 305 1256 talia
328 1195 446 1257 menda
469 1193 622 1258 facillime
647 1216 685 1258 ex
710 1197 875 1278 scriptura
894 1197 1085 1261 continuata
1103 1194 1382 1276 ‘mortingemuit’.

353 1300 381 1371 a,
407 1301 443 1359 21
471 1296 494 1360 Ρ
520 1283 683 1376 xxia,
705 1298 739 1362 11
763 1304 814 1362 est
840 1298 950 1362 XXV
968 1283 1107 1363 maereat.
1153 1299 1254 1362 caes
1279 1297 1385 1360 ‘xxv

223 1397 332 1462 milia’.
379 1400 460 1463 illud
491 1401 600 1481 igitur,
634 1400 722 1483 quod
744 1401 886 1482 Maduig.
912 1400 1274 1483 (Aduers.urit.11p.
1302 1399 1384 1482 534)

225 1501 432 1565 scribendum
464 1502 594 1566 uiderat
624 1504 758 1584 eiusque
795 1504 1024 1568 auctoritatem
1054 1503 1208 1584 Uogelius
1242 1509 1383 1568 secutus

224 1605 256 1666 in
281 1604 456 1667 editionem
480 1626 585 1687 nuper
607 1607 739 1688 recepit,
762 1608 826 1669 iam
850 1607 991 1688 optimus
1016 1606 1118 1670 codex
1140 1607 1236 1688 plane
1260 1605 1386 1670 confir-

225 1713 302 1770 mat.
337 1707 424 1771 idem
458 1709 559 1771 etiam
592 1709 726 1773 Diodor.
762 1707 860 1772 Sicul.
895 1708 986 1771 XVII
1017 1712 1055 1772 95
1086 1710 1238 1791 ‘insignes
1268 1729 1385 1772 arma-

225 1815 316 1874 turas
339 1808 429 1872 XXV
453 1811 584 1874 milibus
608 1811 773 1892 peditum’.
1148 1796 1150 1801 ¹

354 1918 381 1990 3,
406 1917 445 1975 22
469 1913 833 1978 PMod.Flor.GBud.
857 1936 922 1977 non
946 1913 1131 1997 relinquit,
1156 1914 1213 1977 sed
1236 1914 1382 1994 reliquit.

225 2021 258 2078 et
297 2017 447 2097 proxima
487 2016 589 2081 uerba
629 2018 739 2080 omnia
777 2018 810 2079 in
849 2018 1027 2100 praeterito
1061 2024 1207 2098 tempore
1241 2013 1384 2082 Curtius

129 2161 131 2165 .
224 2118 345 2201 posuit.

341 2226 382 2298 tl,
407 2227 425 2283 4
455 2221 600 2298 notanda
629 2223 662 2284 in
691 2228 882 2286 transcursu
911 2221 1088 2284 similitudo
1119 2241 1198 2285 usus
1227 2220 1384 2286 Curtiani

225 2343 295 2386 cum
331 2323 440 2403 Liui0;
475 2325 531 2406 qui
566 2335 639 2388 cum
675 2324 750 2387 VIII
787 2328 835 2402 173
869 2328 887 2387 9
924 2324 1058 2388 dixisset
1092 2324 1331 2388 ‘excensionem
1363 2345 1386 2388 a

111 2437 113 2442 '
226 2424 343 2490 Paesto
371 2426 565 2504 facientem’,
595 2427 627 2489 id
658 2435 716 2505 est,
746 2426 857 2491 Paesti
886 2449 902 2490 e
932 2427 1073 2490 nauibus
1103 2447 1270 2506 egressum
1301 2427 1385 2492 inde

225 2528 267 2592 ab
288 2549 347 2592 ora
372 2529 404 2591 in
422 2536 542 2592 terram
560 2531 646 2593 iutro
666 2529 935 2611 proficiscentem,
960 2527 1101 2606 Curtius,
1126 2531 1195 2592 eius
1219 2530 1384 2609 imitator,

225 2632 357 2712 scripsit
378 2631 452 2695 tino
475 2631 660 2695 excessione
681 2631 785 2712 facto’.

352 2739 381 2812 4,
407 2740 425 2798 5
462 2735 486 2797 P
530 2720 603 2813 H,
638 2736 700 2799 hoc
734 2741 784 2799 est
814 2735 878 2798 XL
907 2734 1005 2814 milio,
1032 2734 1179 2814 peditam
1202 2735 1382 2816 altapetra.

223 2837 309 2900 idem
344 2824 411 2901 fere
440 2838 527 2920 apud
556 2838 699 2902 Medium
729 2847 762 2904 et
789 2839 822 2902 in
846 2838 932 2901 Flor.
956 2838 984 2900 D
1006 2837 1022 2900 I
1045 2845 1103 2915 est,
1138 2836 1205 2900 ‘XL
1229 2837 1386 2919 peditum

223 2939 288 3003 alia
322 2941 419 3022 gens,
454 2943 486 3004 in
511 2943 627 3006 ceteris
656 2948 765 3004 eutem
796 2940 861 3003 ‘XL
899 2940 1048 3023 peditum
1080 2940 1171 3003 milia
1204 2938 1303 3020 gens’,
1340 2960 1386 3004 ex

223 3044 478 3126 interpolatione
501 3051 617 3122 ortum,
641 3065 713 3108 cum
737 3045 899 3126 quispiam
921 3064 986 3105 non
1009 3043 1178 3107 intellecta
1200 3042 1323 3107 lineola
1346 3044 1385 3106 in

224 3145 249 3208 P
285 3167 382 3228 super
415 3169 587 3211 numerum
628 3148 752 3229 scripta
792 3146 928 3210 uerbum
963 3145 1052 3208 milia
1086 3145 1199 3209 deesse
1233 3151 1383 3226 putaret.

223 3269 341 3313 nomen
364 3252 469 3331 gentis
493 3250 727 3331 Agalassenses
756 3249 865 3325 fuisse,
896 3248 1059 3311 Diodorus
1083 3247 1174 3312 XVII
1197 3251 1237 3310 96
1261 3252 1386 3312 auctor

225 3357 283 3427 est,
308 3351 656 3434 idqueWesselingius
681 3359 714 3415 et
735 3351 892 3432 Uogelius
915 3351 948 3414 in
971 3351 1079 3414 locum
1103 3349 1278 3414 uerborum
1303 3349 1388 3415 ‘alia

224 3458 312 3536 gens’
337 3455 493 3519 substitui
517 3456 642 3519 uolunt.
688 3455 744 3535 qui
772 3454 950 3518 uiolentius
981 3474 1077 3534 agere
1105 3452 1184 3517 mihi
1213 3452 1384 3531 uidentur,

225 3576 298 3619 cum
322 3567 354 3619 et
373 3557 450 3622 ‘alia
472 3557 560 3641 gens’
578 3559 611 3620 in
631 3555 881 3639 ‘Agalassenses’
905 3563 937 3620 et
960 3556 1048 3638 quod
1076 3556 1152 3619 inde
1176 3576 1386 3638 consequens

225 3665 283 3738 est,
314 3658 532 3742 ‘opposuerat'
555 3663 588 3724 in
617 3661 776 3743 pluralem
799 3680 971 3723 numerum
994 3666 1138 3738 mutant3
1167 3679 1272 3741 neque
1298 3680 1386 3725 uero

225 3762 312 3844 quod
336 3760 470 3828 Curtius
493 3765 528 3827 in
550 3764 684 3844 ignobili
708 3769 803 3841 geute
826 3783 944 3825 nornen
968 3762 1153 3827 adscribere
1182 3762 1385 3843 supersedit,

224 3865 257 3928 id
282 3866 352 3931 sine
376 3867 523 3949 exemplo
552 3865 598 3929 fit.
643 3865 744 3942 uelut,
778 3871 815 3927 ut
838 3885 936 3928 unum
960 3865 1013 3928 hic
1035 3885 1162 3948 ponam,
1186 3884 1251 3927 non
1274 3864 1386 3930 multo

223 3966 310 4031 infra
344 3989 370 4032 c.
403 3973 431 4046 8,
465 3973 483 4030 8
519 3968 632 4032 eodem
666 3968 761 4030 modo
796 3966 847 4030 ‘ad
882 3967 964 4032 alias
999 3968 1121 4047 gentes’
1155 3965 1388 4034 Alexandrum

225 4072 413 4154 peruenisse
435 4068 545 4135 Curtio
571 4069 692 4133 dixisse
717 4068 890 4147 satisfuit,
915 4091 988 4134 oum
1012 4069 1175 4133 Diodorus
1198 4066 1292 4130 XVII
1320 4074 1387 4134 102

224 4176 356 4238 nomina
379 4194 492 4237 eorum
516 4173 638 4236 Sodras
663 4179 696 4236 et
718 4171 890 4236 Massancs
918 4173 1017 4236 fuisse
1047 4171 1157 4236 addat.
1203 4171 1389 4238 retinenda

224 4277 324 4358 igitur
347 4278 512 4359 scriptura
535 4275 569 4338 P.
900 4268 903 4273 ’

353 4386 381 4458 1,
407 4385 446 4445 17
481 4380 573 4443 editt.
614 4375 746 4459 Gcapea
780 4395 902 4440 omnem
943 4381 979 4454 et,
1027 4396 1105 4458 qaae
1143 4376 1227 4440 altra
1261 4382 1386 4457 essent,

224 4474 362 4548 cocetum
391 4483 606 4549 transmittere
628 4500 692 4544 aon
720 4485 823 4544 tameo
852 4476 970 4558 finisse,
1000 4479 1056 4543 sed
1082 4483 1220 4542 motasse
1253 4477 1385 4545 bellarm.

224 4586 257 4648 in
280 4586 304 4648 P
328 4586 430 4649 uerba
453 4586 519 4649 ‘sed
544 4583 697 4648 mutasse'
720 4604 785 4646 non
809 4588 887 4646 sunt
909 4587 943 4645 et
964 4588 1054 4644 recte
1078 4601 1098 4645 a
1119 4580 1214 4644 nobis
1239 4592 1388 4663 possunt
