3068 5152
713 391 754 451 87

158 595 223 637 non
247 576 367 655 tangit,
396 575 488 639 deest
510 575 543 638 id
568 575 653 657 quod
678 596 792 639 uerum
814 574 912 639 huius
936 577 1097 640 enuntiati
1123 576 1308 640 subiectum

161 684 220 753 est,
245 677 384 741 uerbum
396 677 502 755 ‘Indi’3
528 676 695 758 quodnisi
719 676 862 755 additur,
885 678 1109 742 rhinocerotes
1132 680 1196 760 ipsi
1218 677 1309 741 aliud

160 799 278 842 nomen
301 779 411 860 lingua
433 801 492 843 sua
515 780 576 843 sibi
602 779 721 843 addere
751 779 913 843 dicuntur.
967 801 1163 863 quamquam
1190 780 1310 863 reliqui

161 881 303 957 codices,
327 884 384 965 qui
408 881 499 946 ‘eius’
528 889 605 964 post
628 881 805 945 ‘sermonis'
829 883 989 960 inserunt,
1019 905 1083 947 non
1106 882 1222 960 Indos,
1252 882 1309 946 sed

161 1005 280 1062 omnes
304 985 564 1067 quibuscumque
588 984 734 1048 Graecus
757 1005 863 1049 sermo
887 985 1017 1066 ignotus
1042 987 1092 1062 sit,
1124 984 1310 1049 subiectum

160 1086 349 1169 intellegere
372 1087 542 1166 uidentur,
577 1087 712 1168 quodsi
737 1107 850 1150 uerum
874 1093 968 1165 esset,
992 1087 1199 1151 scribendum
1222 1094 1307 1150 erat:

159 1191 326 1254 ‘sermonis
350 1191 420 1254 eius
444 1191 549 1272 ignari
573 1189 639 1254 alia
667 1190 799 1251 nomina
823 1209 884 1252 sua
906 1191 1044 1273 quisque
1075 1190 1187 1271 lingua
1216 1210 1310 1255 usur-

160 1293 263 1373 pant',
286 1293 350 1356 nisi
372 1292 467 1371 forte,
492 1294 547 1376 qui
571 1293 695 1356 Graece
724 1292 881 1369 nesciunt,
905 1314 1017 1356 omnes
1041 1315 1107 1357 una
1129 1314 1208 1375 gens
1233 1299 1310 1357 sunt

160 1416 291 1477 unaque
313 1395 426 1477 lingua
448 1401 595 1458 utuntur.
651 1395 763 1476 itaque
792 1394 920 1458 duobus
951 1396 1061 1460 uerbis
1085 1395 1206 1460 additis
1230 1396 1310 1459 scri-

160 1495 303 1560 bendum
316 1497 462 1562 uidetur:
486 1504 621 1561 ceterum
643 1498 698 1561 boe
719 1516 831 1560 conseo
850 1497 951 1560 beluis
969 1499 1104 1561 inditione
1122 1518 1140 1561 a
1158 1496 1293 1562 Graecis
1299 1518 1310 1576 ;

160 1600 238 1664 Indi
264 1599 379 1664 Graeci
401 1601 557 1664 sermonis
578 1601 686 1681 ipsiori
709 1600 800 1663 atiud
822 1599 931 1680 liopiio
954 1620 1013 1664 suo
1035 1605 1200 1679 usiirpoot.

290 1708 316 1780 1,
343 1708 382 1767 30
405 1703 429 1767 Ρ
453 1702 544 1767 Uoss.
565 1707 583 1765 2
608 1703 685 1766 edit.
711 1702 780 1766 Ald.
802 1702 896 1777 dedit,
920 1724 984 1765 non
1007 1702 1160 1767 ‘dedidit’.
1195 1703 1309 1767 eodem

160 1805 256 1869 modo
276 1827 431 1888 praesens
453 1814 583 1889 tempus
602 1806 717 1886 exiguo
738 1805 912 1868 interuallo
932 1807 1143 1887 praeteritum
1162 1807 1311 1888 sequitur

160 1906 204 1970 VI
234 1913 282 1985 ll,
320 1913 357 1972 10
388 1908 596 1990 ‘Hephaestio
628 1916 739 1972 autem
773 1916 805 1971 et
835 1905 990 1972 Craterus
1024 1920 1056 1972 et
1085 1906 1213 1973 Coenus
1243 1916 1309 1972 tor·

160 2012 277 2074 mentis
301 2013 474 2075 ueritatem
498 2012 740 2093 exprimendam
764 2030 835 2073 esse
860 2011 1026 2087 dixerunt,
1056 2010 1157 2074 atilli
1180 2032 1309 2094 quoque

159 2115 256 2177 -in
285 2114 401 2177 horum
434 2115 631 2177 sententiam
653 2112 855 2191 transeunt’;
890 2113 957 2176 ibd.
983 2111 999 2193 ἓ
1023 2118 1063 2175 27
1092 2113 1182 2177 'haec
1205 2114 1309 2193 Hege-

161 2215 276 2281 lochus
297 2217 378 2281 dixit
392 2238 489 2298 super
513 2236 636 2293 cenam,
660 2224 693 2279 et
717 2222 849 2297 postero
874 2215 925 2278 die
949 2217 1054 2296 prima
1076 2216 1148 2279 luce
1172 2223 1309 2298 epatre

163 2320 330 2384 accersor’.
375 2320 406 2383 X
429 2327 456 2398 5,
481 2323 499 2383 6
523 2319 595 2382 ‘fuit
616 2353 660 2362 -
682 2314 920 2400 exstinguitur'.

289 2427 316 2502 2,
343 2427 447 2487 9—12
478 2421 571 2486 codd.
601 2422 754 2503 relegatos
783 2422 815 2484 iii
837 2421 983 2485 ultimam
999 2441 1103 2500 paene
1125 2441 1230 2485 remini
1252 2421 1308 2484 bii-

159 2543 324 2588 manniam
339 2526 492 2606 persequi
515 2523 682 2589 tereticam
704 2530 735 2589 et
751 2544 858 2588 eruere
876 2525 1010 2588 arduum
1028 2522 1204 2588 uidebatur.
1238 2544 1309 2587 irer-

160 2645 215 2690 sus
238 2628 375 2692 orroritio
397 2630 518 2710 pieriae
540 2633 570 2691 et
590 2627 788 2692 insatiabilis
810 2629 922 2706 apricio
944 2627 1048 2706 famae
1070 2627 1152 2691 nibil
1174 2628 1309 2704 inuium,

161 2728 242 2792 nibil
261 2737 413 2794 remotim
435 2732 541 2795 uideri
562 2731 692 2794 sinebat.
728 2735 757 2793 et
777 2731 936 2793 interdum
957 2730 1128 2808 dubitabat,
1152 2751 1193 2794 aa
1204 2730 1310 2793 Mace·

162 2832 269 2909 deitas,
294 2839 337 2896 tot
359 2835 478 2898 emensi
500 2836 605 2914 spatio
628 2838 793 2907 terrorism,
823 2833 859 2895 in
882 2832 948 2896 acie
970 2839 1002 2896 et
1021 2833 1058 2896 in
1080 2833 1196 2897 castris
1219 2852 1310 2894 series

161 2936 249 3016 faeti,
268 2956 328 3014 per
351 2935 466 3000 obieeta
487 2936 629 3016 ptarmica,
647 2956 709 3015 per
726 2941 771 2998 tot
785 2940 917 2998 actione
932 2933 1090 2999 obstantes
1106 2934 1310 3012 difficultates

161 3041 299 3102 secuturi
326 3045 446 3102 essent:
479 3038 675 3103 abscedentes
709 3043 898 3119 onustosque
923 3039 1045 3117 proedo
1079 3038 1182 3119 inopis
1211 3043 1310 3116 parta
1346 3073 1349 3081 ·

161 3138 230 3217 frui
251 3140 338 3217 aelle,
361 3162 456 3222 piram
479 3143 673 3222 aelqieireado
694 3139 845 3222 futipori,·
868 3161 930 3203 uois
954 3141 1036 3204 idem
1058 3138 1121 3203 sibi
1143 3145 1171 3203 et
1193 3139 1308 3203 militi·

162 3242 218 3306 bas
248 3244 349 3307 anicii
376 3264 460 3332 esse:
493 3264 527 3307 se
556 3245 651 3307 totius
680 3241 768 3306 orbis
795 3244 964 3322 imperium
992 3248 1093 3307 ruente
1115 3242 1310 3322 complexum

161 3347 263 3409 adbuc
295 3346 331 3409 iii
364 3366 492 3426 operum
525 3366 657 3410 subirem
687 3347 868 3425 primordio
901 3352 1003 3410 sture:
1041 3346 1172 3409 militem
1206 3344 1311 3410 labore

162 3448 364 3530 defetipatam
381 3450 566 3530 proximam
589 3469 738 3531 quemque
760 3439 899 3527 brictrici
920 3449 1009 3527 finito
1028 3450 1153 3513 tolidem
1167 3448 1309 3527 periodo

161 3557 309 3631 expetere.
354 3554 434 3617 uicit
456 3573 528 3634 erpo
551 3554 664 3631 cupido
686 3551 850 3630 rationem,
879 3558 909 3616 et
931 3554 973 3616 ad
994 3551 1169 3615 contionem
1191 3551 1311 3615 uocatis

161 3654 317 3718 militibus
340 3659 382 3726 od
402 3656 483 3720 boec
507 3655 642 3719 oioaime
663 3656 789 3718 modum
813 3655 971 3718 disseruit.
1026 3661 1236 3735 exponuntur
1257 3652 1309 3716 his

161 3758 271 3821 uerbis
295 3758 370 3822 illae
393 3760 553 3836 rationes,
588 3778 670 3841 quas
694 3757 926 3833 Alexandrum,
962 3776 1036 3820 cum
1064 3758 1097 3819 in
1120 3756 1309 3819 interiorem

161 3859 288 3923 Indiam
322 3868 547 3942 penetrasset,
588 3861 627 3922 de
668 3860 796 3942 reliqua
829 3861 884 3923 uia
918 3861 1116 3941 cogitantem
1149 3877 1235 3921 nunc
1268 3857 1310 3920 ad

160 3964 391 4028 reuertendum
420 3985 506 4028 nunc
535 3964 577 4027 ad
608 3963 694 4026 ultra
722 3964 823 4026 etiam
846 3963 1120 4045 progrediendum
1143 3959 1310 4041 impellere

162 4064 294 4130 Curtius
317 4066 404 4131 facit.
440 4088 577 4150 quarum
600 4066 763 4129 rationum
784 4066 871 4143 ordo,
896 4072 933 4129 ut
949 4086 1033 4129 nunc
1052 4073 1110 4142 est,
1134 4063 1310 4127 admodum

162 4168 318 4233 confusus
346 4171 486 4233 uidetur.
542 4170 574 4232 in
604 4189 668 4250 quo
697 4169 837 4250 primum
866 4177 1053 4245 teneamus,
1088 4164 1191 4228 uerba
1220 4165 1311 4228 ‘uicit

161 4293 239 4353 ergo
268 4271 388 4354 cupido
420 4272 590 4336 rationem’
621 4271 669 4334 ita
703 4270 833 4333 demum
865 4270 1012 4351 intellegi
1046 4289 1158 4351 posse,
1192 4268 1219 4331 si
1253 4266 1311 4330 illa

160 4375 285 4457 gloriae
307 4377 409 4453 ratio,
445 4396 529 4458 quae
558 4372 778 4438 Alexandrum
807 4373 878 4437 sola
906 4372 948 4437 ad
977 4370 1176 4456 pergendum
1207 4391 1311 4452 usque

159 4479 348 4558 instigabat,
373 4485 498 4542 ceteras
521 4479 639 4542 uicisse
663 4476 803 4552 dicatur,
827 4476 861 4540 id
884 4484 994 4539 autem
1016 4476 1049 4538 in
1071 4473 1123 4537 his
1135 4471 1312 4536 Alexandri

162 4580 452 4645 deliberationibus
475 4578 686 4663 depingendis
708 4581 756 4643 ita
779 4580 902 4660 optime
926 4578 1048 4641 dictum
1073 4577 1123 4653 iri,
1149 4577 1177 4639 si
1200 4596 1312 4659 quern-

161 4683 336 4748 admodum
371 4683 467 4748 nobis
507 4685 540 4746 in
580 4683 764 4747 contrarias
802 4688 913 4763 partes
951 4700 1021 4744 rem
1055 4678 1312 4743 deliberantibus
