<?xml version="1.0" encoding="UTF-8"?>
<!DOCTYPE html PUBLIC "-//W3C//DTD XHTML 1.0 Transitional//EN"
    "http://www.w3.org/TR/xhtml1/DTD/xhtml1-transitional.dtd">
<html xmlns="http://www.w3.org/1999/xhtml" xml:lang="en" lang="en">
 <head>
  <title>
</title>
<meta http-equiv="Content-Type" content="text/html;charset=utf-8" />
  <meta name='ocr-system' content='tesseract 3.04.00' />
  <meta name='ocr-capabilities' content='ocr_page ocr_carea ocr_par ocr_line ocrx_word'/>
</head>
<body>
  <div class='ocr_page' id='page_1' title='image "./quaestionescurt00kincgoog_0013.png"; bbox 0 0 3068 5152; ppageno 0'>
   <div class='ocr_carea' id='block_1_1' title="bbox 746 321 774 423">
    <p class='ocr_par' dir='ltr' id='par_1_1' title="bbox 680 321 774 423">
     <span class='ocr_line' id='line_1_1' title="bbox 746 321 774 423; baseline 0 0"><span class='ocrx_word' id='word_1_1' title='bbox 746 321 774 423; x_wconf 85' lang='lat' dir='ltr'>¹e</span> 
     </span>
    </p>
   </div>
   <div class='ocr_carea' id='block_1_2' title="bbox 147 547 1339 4652">
    <p class='ocr_par' dir='ltr' id='par_1_2' title="bbox 189 547 1336 718">
     <span class='ocr_line' id='line_1_2' title="bbox 189 547 1336 633; baseline -0.003 -18"><span class='ocrx_word' id='word_1_2' title='bbox 189 556 301 615; x_wconf 88' lang='lat' dir='ltr'>uestra</span> <span class='ocrx_word' id='word_1_3' title='bbox 334 554 498 633; x_wconf 74' lang='lat' dir='ltr'>potestate</span> <span class='ocrx_word' id='word_1_4' title='bbox 533 554 592 614; x_wconf 89' lang='lat' dir='ltr'>est.</span> <span class='ocrx_word' id='word_1_5' title='bbox 644 549 730 632; x_wconf 89' lang='lat' dir='ltr'>quod</span> <span class='ocrx_word' id='word_1_6' title='bbox 765 554 899 632; x_wconf 88' lang='lat' dir='ltr'>propter</span> <span class='ocrx_word' id='word_1_7' title='bbox 932 547 1059 630; x_wconf 85' lang='lat' dir='ltr'>Uogelii</span> <span class='ocrx_word' id='word_1_8' title='bbox 1094 549 1336 612; x_wconf 78' lang='lat' dir='ltr'>enarrationem</span> 
     </span>
     <span class='ocr_line' id='line_1_3' title="bbox 189 652 489 718; baseline 0 -2"><span class='ocrx_word' id='word_1_9' title='bbox 189 652 268 717; x_wconf 92' lang='lat' dir='ltr'>mihi</span> <span class='ocrx_word' id='word_1_10' title='bbox 292 652 415 718; x_wconf 89' lang='lat' dir='ltr'>dictum</span> <span class='ocrx_word' id='word_1_11' title='bbox 438 653 489 717; x_wconf 87' lang='lat' dir='ltr'>sit.</span> 
     </span>
    </p>

    <p class='ocr_par' dir='ltr' id='par_1_3' title="bbox 189 753 1337 941">
     <span class='ocr_line' id='line_1_4' title="bbox 274 753 1337 837; baseline -0.001 -18"><span class='ocrx_word' id='word_1_12' title='bbox 274 755 334 819; x_wconf 89' lang='lat' dir='ltr'>His</span> <span class='ocrx_word' id='word_1_13' title='bbox 357 755 438 820; x_wconf 90' lang='lat' dir='ltr'>locis</span> <span class='ocrx_word' id='word_1_14' title='bbox 468 775 568 819; x_wconf 88' lang='lat' dir='ltr'>unum</span> <span class='ocrx_word' id='word_1_15' title='bbox 593 753 796 834; x_wconf 90' lang='lat' dir='ltr'>subiungam,</span> <span class='ocrx_word' id='word_1_16' title='bbox 830 774 935 834; x_wconf 88' lang='lat' dir='ltr'>quem,</span> <span class='ocrx_word' id='word_1_17' title='bbox 959 755 1038 837; x_wconf 86' lang='lat' dir='ltr'>quia</span> <span class='ocrx_word' id='word_1_18' title='bbox 1061 753 1245 818; x_wconf 75' lang='lat' dir='ltr'>emendatio</span> <span class='ocrx_word' id='word_1_19' title='bbox 1269 755 1337 818; x_wconf 88' lang='lat' dir='ltr'>eius</span> 
     </span>
     <span class='ocr_line' id='line_1_5' title="bbox 189 856 1167 941; baseline -0.001 -20"><span class='ocrx_word' id='word_1_20' title='bbox 189 858 330 922; x_wconf 85' lang='lat' dir='ltr'>fortasse</span> <span class='ocrx_word' id='word_1_21' title='bbox 354 879 419 922; x_wconf 93' lang='lat' dir='ltr'>non</span> <span class='ocrx_word' id='word_1_22' title='bbox 443 877 578 941; x_wconf 89' lang='lat' dir='ltr'>prorsus</span> <span class='ocrx_word' id='word_1_23' title='bbox 602 860 693 920; x_wconf 88' lang='lat' dir='ltr'>certa</span> <span class='ocrx_word' id='word_1_24' title='bbox 717 861 776 934; x_wconf 90' lang='lat' dir='ltr'>est,</span> <span class='ocrx_word' id='word_1_25' title='bbox 801 856 1020 939; x_wconf 88' lang='lat' dir='ltr'>separandum</span> <span class='ocrx_word' id='word_1_26' title='bbox 1043 859 1167 938; x_wconf 88' lang='lat' dir='ltr'>putaui:</span> 
     </span>
    </p>

    <p class='ocr_par' dir='ltr' id='par_1_4' title="bbox 147 958 1339 3517">
     <span class='ocr_line' id='line_1_6' title="bbox 274 958 1337 1041; baseline 0 -18"><span class='ocrx_word' id='word_1_27' title='bbox 274 959 351 1023; x_wconf 88' lang='lat' dir='ltr'>VIII</span> <span class='ocrx_word' id='word_1_28' title='bbox 374 965 403 1040; x_wconf 84' lang='lat'>8,</span> <span class='ocrx_word' id='word_1_29' title='bbox 428 964 446 1025; x_wconf 84' lang='lat'><strong>3</strong></span> <span class='ocrx_word' id='word_1_30' title='bbox 470 965 529 1039; x_wconf 88' lang='lat' dir='ltr'>est,</span> <span class='ocrx_word' id='word_1_31' title='bbox 553 960 587 1023; x_wconf 91' lang='lat' dir='ltr'>in</span> <span class='ocrx_word' id='word_1_32' title='bbox 606 979 670 1041; x_wconf 93' lang='lat' dir='ltr'>quo</span> <span class='ocrx_word' id='word_1_33' title='bbox 688 958 769 1022; x_wconf 88' lang='lat' dir='ltr'>haec</span> <span class='ocrx_word' id='word_1_34' title='bbox 786 959 820 1022; x_wconf 93' lang='lat' dir='ltr'>in</span> <span class='ocrx_word' id='word_1_35' title='bbox 838 959 862 1022; x_wconf 89' lang='lat' dir='ltr'>P</span> <span class='ocrx_word' id='word_1_36' title='bbox 881 966 971 1023; x_wconf 88' lang='lat' dir='ltr'>sunt:</span> <span class='ocrx_word' id='word_1_37' title='bbox 994 959 1337 1040; x_wconf 80' lang='lat' dir='ltr'>anpcrcamfflermo-</span> 
     </span>
     <span class='ocr_line' id='line_1_7' title="bbox 188 1061 1338 1145; baseline -0.001 -19"><span class='ocrx_word' id='word_1_38' title='bbox 188 1061 269 1140; x_wconf 86' lang='lat' dir='ltr'>laus,</span> <span class='ocrx_word' id='word_1_39' title='bbox 293 1063 402 1143; x_wconf 84' lang='lat' dir='ltr'>regius</span> <span class='ocrx_word' id='word_1_40' title='bbox 426 1073 520 1145; x_wconf 80' lang='lat' dir='ltr'>puer)</span> <span class='ocrx_word' id='word_1_41' title='bbox 542 1061 714 1141; x_wconf 80' lang='lat' dir='ltr'>procaciae</span> <span class='ocrx_word' id='word_1_42' title='bbox 742 1082 776 1126; x_wconf 80' lang='lat' dir='ltr'>sc</span> <span class='ocrx_word' id='word_1_43' title='bbox 804 1061 839 1125; x_wconf 84' lang='lat' dir='ltr'>c&#39;c</span> <span class='ocrx_word' id='word_1_44' title='bbox 866 1065 1030 1127; x_wconf 79' lang='lat' dir='ltr'>coactione</span> <span class='ocrx_word' id='word_1_45' title='bbox 1056 1064 1218 1144; x_wconf 66' lang='lat' dir='ltr'>gessisset,</span> <span class='ocrx_word' id='word_1_46' title='bbox 1254 1083 1338 1127; x_wconf 82' lang='lat' dir='ltr'>acore</span> 
     </span>
     <span class='ocr_line' id='line_1_8' title="bbox 185 1163 1337 1247; baseline -0.001 -18"><span class='ocrx_word' id='word_1_47' title='bbox 185 1164 292 1245; x_wconf 79' lang='lat' dir='ltr'>patrio</span> <span class='ocrx_word' id='word_1_48' title='bbox 322 1170 352 1229; x_wconf 81' lang='lat' dir='ltr'>ct</span> <span class='ocrx_word' id='word_1_49' title='bbox 380 1163 415 1231; x_wconf 88' lang='lat' dir='ltr'>ob</span> <span class='ocrx_word' id='word_1_50' title='bbox 444 1163 676 1247; x_wconf 77' lang='lat' dir='ltr'>antiquissimis</span> <span class='ocrx_word' id='word_1_51' title='bbox 699 1165 906 1230; x_wconf 79' lang='lat' dir='ltr'>Macedoniae</span> <span class='ocrx_word' id='word_1_52' title='bbox 933 1185 1043 1247; x_wconf 77' lang='lat' dir='ltr'>cepam</span> <span class='ocrx_word' id='word_1_53' title='bbox 1073 1172 1225 1246; x_wconf 80' lang='lat' dir='ltr'>eecrrpoto</span> <span class='ocrx_word' id='word_1_54' title='bbox 1248 1167 1337 1230; x_wconf 80' lang='lat' dir='ltr'>coeii-</span> 
     </span>
     <span class='ocr_line' id='line_1_9' title="bbox 187 1266 1337 1350; baseline -0.001 -17"><span class='ocrx_word' id='word_1_55' title='bbox 187 1269 260 1349; x_wconf 76' lang='lat' dir='ltr'>porc&#39;</span> <span class='ocrx_word' id='word_1_56' title='bbox 282 1289 352 1332; x_wconf 82' lang='lat' dir='ltr'>cern</span> <span class='ocrx_word' id='word_1_57' title='bbox 373 1269 466 1333; x_wconf 78' lang='lat' dir='ltr'>lassi.</span> <span class='ocrx_word' id='word_1_58' title='bbox 500 1268 556 1332; x_wconf 84' lang='lat' dir='ltr'>boc</span> <span class='ocrx_word' id='word_1_59' title='bbox 579 1272 609 1331; x_wconf 81' lang='lat' dir='ltr'>et</span> <span class='ocrx_word' id='word_1_60' title='bbox 630 1266 696 1347; x_wconf 87' lang='lat' dir='ltr'>(hic</span> <span class='ocrx_word' id='word_1_61' title='bbox 719 1268 931 1332; x_wconf 68' lang='lat' dir='ltr'>irruemus</span> <span class='ocrx_word' id='word_1_62' title='bbox 953 1268 1079 1350; x_wconf 87' lang='lat' dir='ltr'>finitur)</span> <span class='ocrx_word' id='word_1_63' title='bbox 1104 1273 1243 1348; x_wconf 78' lang='lat' dir='ltr'>oportere</span> <span class='ocrx_word' id='word_1_64' title='bbox 1264 1267 1337 1348; x_wconf 73' lang='lat' dir='ltr'>ficri</span> 
     </span>
     <span class='ocr_line' id='line_1_10' title="bbox 191 1370 1338 1452; baseline 0.001 -18"><span class='ocrx_word' id='word_1_65' title='bbox 191 1377 221 1435; x_wconf 83' lang='lat' dir='ltr'>et</span> <span class='ocrx_word' id='word_1_66' title='bbox 252 1376 287 1435; x_wconf 84' lang='lat' dir='ltr'>nt</span> <span class='ocrx_word' id='word_1_67' title='bbox 319 1392 338 1437; x_wconf 88' lang='lat' dir='ltr'>o</span> <span class='ocrx_word' id='word_1_68' title='bbox 366 1370 520 1437; x_wconf 77' lang='lat' dir='ltr'>tatoribus</span> <span class='ocrx_word' id='word_1_69' title='bbox 546 1371 671 1451; x_wconf 78' lang='lat' dir='ltr'>pupilli,</span> <span class='ocrx_word' id='word_1_70' title='bbox 705 1392 725 1436; x_wconf 88' lang='lat' dir='ltr'>o</span> <span class='ocrx_word' id='word_1_71' title='bbox 757 1370 882 1436; x_wconf 81' lang='lat' dir='ltr'>moritis</span> <span class='ocrx_word' id='word_1_72' title='bbox 915 1391 1041 1435; x_wconf 76' lang='lat' dir='ltr'>exerce.</span> <span class='ocrx_word' id='word_1_73' title='bbox 1076 1373 1182 1436; x_wconf 70' lang='lat' dir='ltr'>sarcis</span> <span class='ocrx_word' id='word_1_74' title='bbox 1218 1379 1338 1452; x_wconf 81' lang='lat' dir='ltr'>qaoque</span> 
     </span>
     <span class='ocr_line' id='line_1_11' title="bbox 182 1472 1339 1556; baseline 0.001 -19"><span class='ocrx_word' id='word_1_75' title='bbox 182 1494 303 1554; x_wconf 77' lang='lat' dir='ltr'>pueros</span> <span class='ocrx_word' id='word_1_76' title='bbox 340 1475 436 1540; x_wconf 77' lang='lat' dir='ltr'>baiae</span> <span class='ocrx_word' id='word_1_77' title='bbox 470 1475 583 1539; x_wconf 78' lang='lat' dir='ltr'>celetis</span> <span class='ocrx_word' id='word_1_78' title='bbox 616 1472 778 1538; x_wconf 75' lang='lat' dir='ltr'>uerberare</span> <span class='ocrx_word' id='word_1_79' title='bbox 811 1475 1018 1539; x_wconf 80' lang='lat' dir='ltr'>concedimus,</span> <span class='ocrx_word' id='word_1_80' title='bbox 1063 1475 1097 1539; x_wconf 91' lang='lat' dir='ltr'>in</span> <span class='ocrx_word' id='word_1_81' title='bbox 1130 1474 1181 1538; x_wconf 87' lang='lat' dir='ltr'>his</span> <span class='ocrx_word' id='word_1_82' title='bbox 1215 1475 1339 1556; x_wconf 85' lang='lat' dir='ltr'>uerbis,</span> 
     </span>
     <span class='ocr_line' id='line_1_12' title="bbox 190 1576 1338 1661; baseline -0.001 -20"><span class='ocrx_word' id='word_1_83' title='bbox 190 1598 274 1659; x_wconf 90' lang='lat' dir='ltr'>quae</span> <span class='ocrx_word' id='word_1_84' title='bbox 298 1584 452 1661; x_wconf 87' lang='lat' dir='ltr'>exparte</span> <span class='ocrx_word' id='word_1_85' title='bbox 482 1576 656 1643; x_wconf 82' lang='lat' dir='ltr'>admodum</span> <span class='ocrx_word' id='word_1_86' title='bbox 686 1578 771 1642; x_wconf 89' lang='lat' dir='ltr'>male</span> <span class='ocrx_word' id='word_1_87' title='bbox 800 1577 984 1657; x_wconf 82' lang='lat' dir='ltr'>cohaerent,</span> <span class='ocrx_word' id='word_1_88' title='bbox 1017 1599 1057 1642; x_wconf 88' lang='lat' dir='ltr'>ne</span> <span class='ocrx_word' id='word_1_89' title='bbox 1091 1585 1200 1643; x_wconf 89' lang='lat' dir='ltr'>tamen</span> <span class='ocrx_word' id='word_1_90' title='bbox 1231 1578 1338 1642; x_wconf 87' lang='lat' dir='ltr'>omnia</span> 
     </span>
     <span class='ocr_line' id='line_1_13' title="bbox 190 1678 1337 1763; baseline -0.001 -18"><span class='ocrx_word' id='word_1_91' title='bbox 190 1680 432 1745; x_wconf 85' lang='lat' dir='ltr'>emendatorem</span> <span class='ocrx_word' id='word_1_92' title='bbox 452 1686 588 1763; x_wconf 90' lang='lat' dir='ltr'>propter</span> <span class='ocrx_word' id='word_1_93' title='bbox 610 1678 838 1745; x_wconf 80' lang='lat' dir='ltr'>difficultatem</span> <span class='ocrx_word' id='word_1_94' title='bbox 855 1687 981 1760; x_wconf 86' lang='lat' dir='ltr'>uexent,</span> <span class='ocrx_word' id='word_1_95' title='bbox 1005 1681 1039 1749; x_wconf 87' lang='lat' dir='ltr'>in</span> <span class='ocrx_word' id='word_1_96' title='bbox 1059 1680 1188 1745; x_wconf 86' lang='lat' dir='ltr'>duobus</span> <span class='ocrx_word' id='word_1_97' title='bbox 1213 1680 1337 1746; x_wconf 89' lang='lat' dir='ltr'>mendis</span> 
     </span>
     <span class='ocr_line' id='line_1_14' title="bbox 189 1783 1336 1867; baseline -0.002 -20"><span class='ocrx_word' id='word_1_98' title='bbox 189 1789 341 1866; x_wconf 91' lang='lat' dir='ltr'>prompta</span> <span class='ocrx_word' id='word_1_99' title='bbox 370 1789 402 1847; x_wconf 91' lang='lat' dir='ltr'>et</span> <span class='ocrx_word' id='word_1_100' title='bbox 430 1783 522 1848; x_wconf 89' lang='lat' dir='ltr'>uelut</span> <span class='ocrx_word' id='word_1_101' title='bbox 552 1783 650 1848; x_wconf 91' lang='lat' dir='ltr'>obuia</span> <span class='ocrx_word' id='word_1_102' title='bbox 679 1784 839 1847; x_wconf 89' lang='lat' dir='ltr'>correctio</span> <span class='ocrx_word' id='word_1_103' title='bbox 868 1788 927 1848; x_wconf 90' lang='lat' dir='ltr'>est.</span> <span class='ocrx_word' id='word_1_104' title='bbox 973 1784 1061 1867; x_wconf 92' lang='lat' dir='ltr'>quod</span> <span class='ocrx_word' id='word_1_105' title='bbox 1085 1784 1170 1848; x_wconf 90' lang='lat' dir='ltr'>enim</span> <span class='ocrx_word' id='word_1_106' title='bbox 1193 1785 1336 1865; x_wconf 87' lang='lat' dir='ltr'>regimen</span> 
     </span>
     <span class='ocr_line' id='line_1_15' title="bbox 189 1886 1337 1966; baseline 0.001 -17"><span class='ocrx_word' id='word_1_107' title='bbox 189 1886 371 1951; x_wconf 88' lang='lat' dir='ltr'>infinitiuus</span> <span class='ocrx_word' id='word_1_108' title='bbox 394 1892 534 1966; x_wconf 79' lang='lat' dir='ltr'>oportere</span> <span class='ocrx_word' id='word_1_109' title='bbox 556 1886 733 1965; x_wconf 83' lang='lat' dir='ltr'>desiderat,</span> <span class='ocrx_word' id='word_1_110' title='bbox 762 1887 854 1950; x_wconf 89' lang='lat' dir='ltr'>cuius</span> <span class='ocrx_word' id='word_1_111' title='bbox 878 1887 1018 1952; x_wconf 88' lang='lat' dir='ltr'>Parisini</span> <span class='ocrx_word' id='word_1_112' title='bbox 1041 1888 1162 1952; x_wconf 85' lang='lat' dir='ltr'>codicis</span> <span class='ocrx_word' id='word_1_113' title='bbox 1183 1887 1337 1951; x_wconf 87' lang='lat' dir='ltr'>librarius</span> 
     </span>
     <span class='ocr_line' id='line_1_16' title="bbox 190 1989 1339 2072; baseline 0 -20"><span class='ocrx_word' id='word_1_114' title='bbox 190 1989 323 2055; x_wconf 90' lang='lat' dir='ltr'>ineunte</span> <span class='ocrx_word' id='word_1_115' title='bbox 345 2011 445 2055; x_wconf 87' lang='lat' dir='ltr'>uersu</span> <span class='ocrx_word' id='word_1_116' title='bbox 468 1991 591 2055; x_wconf 90' lang='lat' dir='ltr'>oblitus</span> <span class='ocrx_word' id='word_1_117' title='bbox 610 1997 669 2068; x_wconf 89' lang='lat' dir='ltr'>est,</span> <span class='ocrx_word' id='word_1_118' title='bbox 692 1991 816 2055; x_wconf 89' lang='lat' dir='ltr'>inserto</span> <span class='ocrx_word' id='word_1_119' title='bbox 835 1996 911 2055; x_wconf 90' lang='lat' dir='ltr'>ante</span> <span class='ocrx_word' id='word_1_120' title='bbox 930 1995 1072 2072; x_wconf 81' lang='lat' dir='ltr'>oportere</span> <span class='ocrx_word' id='word_1_121' title='bbox 1090 1990 1190 2054; x_wconf 91' lang='lat' dir='ltr'>uerbo</span> <span class='ocrx_word' id='word_1_122' title='bbox 1210 1995 1339 2070; x_wconf 77' lang='lat' dir='ltr'>apparet</span> 
     </span>
     <span class='ocr_line' id='line_1_17' title="bbox 189 2086 1339 2177; baseline 0 -21"><span class='ocrx_word' id='word_1_123' title='bbox 189 2091 285 2158; x_wconf 90' lang='lat' dir='ltr'>facile</span> <span class='ocrx_word' id='word_1_124' title='bbox 305 2086 334 2157; x_wconf 81' lang='lat' dir='ltr'>ei</span> <span class='ocrx_word' id='word_1_125' title='bbox 353 2093 425 2158; x_wconf 87' lang='lat' dir='ltr'>dari</span> <span class='ocrx_word' id='word_1_126' title='bbox 444 2100 563 2177; x_wconf 89' lang='lat' dir='ltr'>potest,</span> <span class='ocrx_word' id='word_1_127' title='bbox 587 2099 620 2157; x_wconf 88' lang='lat' dir='ltr'>et</span> <span class='ocrx_word' id='word_1_128' title='bbox 638 2093 793 2176; x_wconf 88' lang='lat' dir='ltr'>quoniam</span> <span class='ocrx_word' id='word_1_129' title='bbox 810 2093 892 2158; x_wconf 89' lang='lat' dir='ltr'>haec</span> <span class='ocrx_word' id='word_1_130' title='bbox 910 2100 1078 2158; x_wconf 85' lang='lat' dir='ltr'>structura</span> <span class='ocrx_word' id='word_1_131' title='bbox 1096 2093 1151 2157; x_wconf 85' lang='lat' dir='ltr'>boc</span> <span class='ocrx_word' id='word_1_132' title='bbox 1170 2089 1339 2173; x_wconf 74' lang='lat' dir='ltr'>clopporct</span> 
     </span>
     <span class='ocr_line' id='line_1_18' title="bbox 190 2195 1337 2279; baseline -0.002 -18"><span class='ocrx_word' id='word_1_133' title='bbox 190 2204 332 2279; x_wconf 76' lang='lat' dir='ltr'>oportere</span> <span class='ocrx_word' id='word_1_134' title='bbox 349 2195 429 2277; x_wconf 74' lang='lat' dir='ltr'>ficri,</span> <span class='ocrx_word' id='word_1_135' title='bbox 453 2201 510 2261; x_wconf 80' lang='lat' dir='ltr'>ct.</span> <span class='ocrx_word' id='word_1_136' title='bbox 537 2248 544 2260; x_wconf 86' lang='lat'><strong>.</strong></span> <span class='ocrx_word' id='word_1_137' title='bbox 569 2247 587 2277; x_wconf 90' lang='lat'>.,</span> <span class='ocrx_word' id='word_1_138' title='bbox 609 2196 696 2260; x_wconf 89' lang='lat' dir='ltr'>utin</span> <span class='ocrx_word' id='word_1_139' title='bbox 719 2198 900 2279; x_wconf 89' lang='lat' dir='ltr'>posteriore</span> <span class='ocrx_word' id='word_1_140' title='bbox 923 2195 1069 2262; x_wconf 91' lang='lat' dir='ltr'>membro</span> <span class='ocrx_word' id='word_1_141' title='bbox 1092 2197 1178 2261; x_wconf 89' lang='lat' dir='ltr'>idern</span> <span class='ocrx_word' id='word_1_142' title='bbox 1201 2196 1337 2260; x_wconf 90' lang='lat' dir='ltr'>uerbum</span> 
     </span>
     <span class='ocr_line' id='line_1_19' title="bbox 189 2297 1338 2384; baseline -0.001 -20"><span class='ocrx_word' id='word_1_143' title='bbox 189 2306 368 2384; x_wconf 86' lang='lat' dir='ltr'>repetatur,</span> <span class='ocrx_word' id='word_1_144' title='bbox 403 2300 637 2382; x_wconf 88' lang='lat' dir='ltr'>propemodum</span> <span class='ocrx_word' id='word_1_145' title='bbox 665 2301 740 2382; x_wconf 89' lang='lat' dir='ltr'>ipsa</span> <span class='ocrx_word' id='word_1_146' title='bbox 768 2300 915 2381; x_wconf 85' lang='lat' dir='ltr'>requirit,</span> <span class='ocrx_word' id='word_1_147' title='bbox 946 2306 984 2364; x_wconf 76' lang='lat' dir='ltr'>cci</span> <span class='ocrx_word' id='word_1_148' title='bbox 1010 2300 1043 2363; x_wconf 93' lang='lat' dir='ltr'>in</span> <span class='ocrx_word' id='word_1_149' title='bbox 1075 2297 1114 2379; x_wconf 78' lang='lat' dir='ltr'>fit</span> <span class='ocrx_word' id='word_1_150' title='bbox 1145 2300 1338 2364; x_wconf 88' lang='lat' dir='ltr'>mutandum</span> 
     </span>
     <span class='ocr_line' id='line_1_20' title="bbox 147 2399 1338 2484; baseline -0.002 -16"><span class='ocrx_word' id='word_1_151' title='bbox 147 2399 149 2403; x_wconf 66' lang='grc'>’</span> <span class='ocrx_word' id='word_1_152' title='bbox 190 2405 262 2468; x_wconf 91' lang='lat' dir='ltr'>erit.</span> <span class='ocrx_word' id='word_1_153' title='bbox 308 2404 411 2468; x_wconf 90' lang='lat' dir='ltr'>maior</span> <span class='ocrx_word' id='word_1_154' title='bbox 434 2402 552 2468; x_wconf 89' lang='lat' dir='ltr'>deinde</span> <span class='ocrx_word' id='word_1_155' title='bbox 575 2403 607 2466; x_wconf 89' lang='lat' dir='ltr'>in</span> <span class='ocrx_word' id='word_1_156' title='bbox 630 2403 671 2466; x_wconf 89' lang='lat' dir='ltr'>iis</span> <span class='ocrx_word' id='word_1_157' title='bbox 695 2423 779 2484; x_wconf 86' lang='lat' dir='ltr'>quae</span> <span class='ocrx_word' id='word_1_158' title='bbox 809 2410 999 2483; x_wconf 89' lang='lat' dir='ltr'>sequuntur,</span> <span class='ocrx_word' id='word_1_159' title='bbox 1033 2424 1074 2466; x_wconf 90' lang='lat' dir='ltr'>ne</span> <span class='ocrx_word' id='word_1_160' title='bbox 1103 2401 1184 2466; x_wconf 88' lang='lat' dir='ltr'>haec</span> <span class='ocrx_word' id='word_1_161' title='bbox 1206 2404 1338 2466; x_wconf 85' lang='lat' dir='ltr'>intacta</span> 
     </span>
     <span class='ocr_line' id='line_1_21' title="bbox 189 2496 1336 2589; baseline -0.001 -19"><span class='ocrx_word' id='word_1_162' title='bbox 189 2506 381 2589; x_wconf 88' lang='lat' dir='ltr'>relinquam,</span> <span class='ocrx_word' id='word_1_163' title='bbox 417 2504 594 2570; x_wconf 85' lang='lat' dir='ltr'>difficultas</span> <span class='ocrx_word' id='word_1_164' title='bbox 629 2507 804 2589; x_wconf 84' lang='lat' dir='ltr'>corrigenti</span> <span class='ocrx_word' id='word_1_165' title='bbox 834 2506 945 2588; x_wconf 86' lang='lat' dir='ltr'>surgit,</span> <span class='ocrx_word' id='word_1_166' title='bbox 981 2512 1014 2570; x_wconf 91' lang='lat' dir='ltr'>et</span> <span class='ocrx_word' id='word_1_167' title='bbox 1041 2506 1183 2571; x_wconf 85' lang='lat' dir='ltr'>fortasse</span> <span class='ocrx_word' id='word_1_168' title='bbox 1213 2507 1245 2570; x_wconf 91' lang='lat' dir='ltr'>in</span> <span class='ocrx_word' id='word_1_169' title='bbox 1274 2496 1336 2570; x_wconf 85' lang='lat' dir='ltr'>hac</span> 
     </span>
     <span class='ocr_line' id='line_1_22' title="bbox 191 2608 1338 2691; baseline -0.001 -18"><span class='ocrx_word' id='word_1_170' title='bbox 191 2609 339 2674; x_wconf 86' lang='lat' dir='ltr'>codicum</span> <span class='ocrx_word' id='word_1_171' title='bbox 367 2609 533 2690; x_wconf 85' lang='lat' dir='ltr'>prauitate</span> <span class='ocrx_word' id='word_1_172' title='bbox 563 2609 644 2672; x_wconf 86' lang='lat' dir='ltr'>nihil</span> <span class='ocrx_word' id='word_1_173' title='bbox 668 2609 749 2673; x_wconf 88' lang='lat' dir='ltr'>certi</span> <span class='ocrx_word' id='word_1_174' title='bbox 773 2608 858 2673; x_wconf 86' lang='lat' dir='ltr'>effici</span> <span class='ocrx_word' id='word_1_175' title='bbox 882 2614 1001 2691; x_wconf 84' lang='lat' dir='ltr'>potest.</span> <span class='ocrx_word' id='word_1_176' title='bbox 1047 2609 1201 2674; x_wconf 89' lang='lat' dir='ltr'>uidentur</span> <span class='ocrx_word' id='word_1_177' title='bbox 1228 2614 1338 2679; x_wconf 88' lang='lat' dir='ltr'>tamen</span> 
     </span>
     <span class='ocr_line' id='line_1_23' title="bbox 192 2710 1336 2794; baseline -0.001 -19"><span class='ocrx_word' id='word_1_178' title='bbox 192 2711 304 2794; x_wconf 85' lang='lat' dir='ltr'>spuria</span> <span class='ocrx_word' id='word_1_179' title='bbox 338 2732 409 2774; x_wconf 90' lang='lat' dir='ltr'>esse</span> <span class='ocrx_word' id='word_1_180' title='bbox 444 2711 548 2776; x_wconf 90' lang='lat' dir='ltr'>uerba</span> <span class='ocrx_word' id='word_1_181' title='bbox 581 2732 600 2776; x_wconf 87' lang='lat' dir='ltr'>o</span> <span class='ocrx_word' id='word_1_182' title='bbox 635 2710 787 2776; x_wconf 77' lang='lat' dir='ltr'>tatoribus</span> <span class='ocrx_word' id='word_1_183' title='bbox 813 2711 959 2792; x_wconf 78' lang='lat' dir='ltr'>papillis,</span> <span class='ocrx_word' id='word_1_184' title='bbox 1000 2732 1019 2777; x_wconf 88' lang='lat' dir='ltr'>o</span> <span class='ocrx_word' id='word_1_185' title='bbox 1052 2712 1180 2776; x_wconf 79' lang='lat' dir='ltr'>moritis</span> <span class='ocrx_word' id='word_1_186' title='bbox 1212 2731 1336 2792; x_wconf 77' lang='lat' dir='ltr'>uererer,</span> 
     </span>
     <span class='ocr_line' id='line_1_24' title="bbox 191 2807 1336 2897; baseline 0 -19"><span class='ocrx_word' id='word_1_187' title='bbox 191 2815 346 2897; x_wconf 89' lang='lat' dir='ltr'>quoniam</span> <span class='ocrx_word' id='word_1_188' title='bbox 362 2833 471 2896; x_wconf 87' lang='lat' dir='ltr'>neque</span> <span class='ocrx_word' id='word_1_189' title='bbox 491 2815 559 2880; x_wconf 88' lang='lat' dir='ltr'>sine</span> <span class='ocrx_word' id='word_1_190' title='bbox 580 2807 697 2897; x_wconf 87' lang='lat' dir='ltr'>magno</span> <span class='ocrx_word' id='word_1_191' title='bbox 716 2814 880 2879; x_wconf 90' lang='lat' dir='ltr'>molimine</span> <span class='ocrx_word' id='word_1_192' title='bbox 900 2816 1131 2896; x_wconf 83' lang='lat' dir='ltr'>grammaticae</span> <span class='ocrx_word' id='word_1_193' title='bbox 1149 2815 1214 2880; x_wconf 91' lang='lat' dir='ltr'>loci</span> <span class='ocrx_word' id='word_1_194' title='bbox 1233 2821 1336 2879; x_wconf 89' lang='lat' dir='ltr'>struc-</span> 
     </span>
     <span class='ocr_line' id='line_1_25' title="bbox 190 2903 1336 2999; baseline -0.001 -17"><span class='ocrx_word' id='word_1_195' title='bbox 190 2924 283 2983; x_wconf 88' lang='lat' dir='ltr'>turae</span> <span class='ocrx_word' id='word_1_196' title='bbox 318 2923 351 2982; x_wconf 88' lang='lat' dir='ltr'>et</span> <span class='ocrx_word' id='word_1_197' title='bbox 386 2917 496 2982; x_wconf 87' lang='lat' dir='ltr'>sensui</span> <span class='ocrx_word' id='word_1_198' title='bbox 528 2917 757 2998; x_wconf 88' lang='lat' dir='ltr'>includuntur,</span> <span class='ocrx_word' id='word_1_199' title='bbox 790 2937 896 2999; x_wconf 89' lang='lat' dir='ltr'>neque</span> <span class='ocrx_word' id='word_1_200' title='bbox 929 2903 1181 2983; x_wconf 71' lang='lat' dir='ltr'>utVAlexander</span> <span class='ocrx_word' id='word_1_201' title='bbox 1214 2939 1336 2982; x_wconf 90' lang='lat' dir='ltr'>morem</span> 
     </span>
     <span class='ocr_line' id='line_1_26' title="bbox 189 3020 1336 3103; baseline -0.001 -17"><span class='ocrx_word' id='word_1_202' title='bbox 189 3043 325 3086; x_wconf 84' lang='lat' dir='ltr'>uxorum</span> <span class='ocrx_word' id='word_1_203' title='bbox 345 3022 623 3087; x_wconf 90' lang='lat' dir='ltr'>uerberandarum</span> <span class='ocrx_word' id='word_1_204' title='bbox 641 3020 816 3086; x_wconf 89' lang='lat' dir='ltr'>barbarum</span> <span class='ocrx_word' id='word_1_205' title='bbox 835 3021 979 3103; x_wconf 91' lang='lat' dir='ltr'>probans</span> <span class='ocrx_word' id='word_1_206' title='bbox 997 3020 1142 3087; x_wconf 85' lang='lat' dir='ltr'>aCurtio</span> <span class='ocrx_word' id='word_1_207' title='bbox 1153 3021 1336 3099; x_wconf 89' lang='lat' dir='ltr'>inducatur,</span> 
     </span>
     <span class='ocr_line' id='line_1_27' title="bbox 190 3123 1337 3206; baseline -0.002 -17"><span class='ocrx_word' id='word_1_208' title='bbox 190 3126 260 3189; x_wconf 90' lang='lat' dir='ltr'>ueri</span> <span class='ocrx_word' id='word_1_209' title='bbox 299 3125 405 3191; x_wconf 90' lang='lat' dir='ltr'>simile</span> <span class='ocrx_word' id='word_1_210' title='bbox 444 3131 510 3203; x_wconf 75' lang='lat' dir='ltr'>est,</span> <span class='ocrx_word' id='word_1_211' title='bbox 553 3131 586 3189; x_wconf 89' lang='lat' dir='ltr'>et</span> <span class='ocrx_word' id='word_1_212' title='bbox 626 3125 652 3188; x_wconf 89' lang='lat' dir='ltr'>si</span> <span class='ocrx_word' id='word_1_213' title='bbox 686 3123 885 3188; x_wconf 48' lang='lat' dir='ltr'>illaruerba</span> <span class='ocrx_word' id='word_1_214' title='bbox 919 3124 1097 3206; x_wconf 88' lang='lat' dir='ltr'>eiciuntur,</span> <span class='ocrx_word' id='word_1_215' title='bbox 1138 3124 1221 3189; x_wconf 90' lang='lat' dir='ltr'>haee</span> <span class='ocrx_word' id='word_1_216' title='bbox 1255 3125 1337 3188; x_wconf 90' lang='lat' dir='ltr'>bene</span> 
     </span>
     <span class='ocr_line' id='line_1_28' title="bbox 190 3225 1338 3311; baseline -0.001 -19"><span class='ocrx_word' id='word_1_217' title='bbox 190 3229 445 3311; x_wconf 87' lang='lat' dir='ltr'>coniunguntur:</span> <span class='ocrx_word' id='word_1_218' title='bbox 484 3229 540 3293; x_wconf 84' lang='lat' dir='ltr'>boc</span> <span class='ocrx_word' id='word_1_219' title='bbox 572 3232 602 3292; x_wconf 85' lang='lat' dir='ltr'>et</span> <span class='ocrx_word' id='word_1_220' title='bbox 635 3232 767 3307; x_wconf 78' lang='lat' dir='ltr'>apparet</span> <span class='ocrx_word' id='word_1_221' title='bbox 799 3233 939 3307; x_wconf 77' lang='lat' dir='ltr'>oportere</span> <span class='ocrx_word' id='word_1_222' title='bbox 969 3225 1042 3307; x_wconf 76' lang='lat' dir='ltr'>ficri</span> <span class='ocrx_word' id='word_1_223' title='bbox 1074 3233 1103 3292; x_wconf 86' lang='lat' dir='ltr'>et</span> <span class='ocrx_word' id='word_1_224' title='bbox 1141 3227 1194 3309; x_wconf 78' lang='lat' dir='ltr'>fit:</span> <span class='ocrx_word' id='word_1_225' title='bbox 1236 3228 1338 3292; x_wconf 69' lang='lat' dir='ltr'>sericis</span> 
     </span>
     <span class='ocr_line' id='line_1_29' title="bbox 191 3329 1338 3413; baseline 0 -19"><span class='ocrx_word' id='word_1_226' title='bbox 191 3351 310 3412; x_wconf 77' lang='lat' dir='ltr'>qaoque</span> <span class='ocrx_word' id='word_1_227' title='bbox 340 3351 458 3413; x_wconf 73' lang='lat' dir='ltr'>peace</span> <span class='ocrx_word' id='word_1_228' title='bbox 491 3331 585 3395; x_wconf 82' lang='lat' dir='ltr'>baiae</span> <span class='ocrx_word' id='word_1_229' title='bbox 618 3329 730 3394; x_wconf 80' lang='lat' dir='ltr'>aetatis</span> <span class='ocrx_word' id='word_1_230' title='bbox 762 3330 929 3394; x_wconf 80' lang='lat' dir='ltr'>uerberare</span> <span class='ocrx_word' id='word_1_231' title='bbox 962 3331 1169 3396; x_wconf 78' lang='lat' dir='ltr'>concedimus.</span> <span class='ocrx_word' id='word_1_232' title='bbox 1214 3332 1338 3396; x_wconf 89' lang='lat' dir='ltr'>inserta</span> 
     </span>
     <span class='ocr_line' id='line_1_30' title="bbox 189 3433 1148 3517; baseline 0 -19"><span class='ocrx_word' id='word_1_233' title='bbox 189 3433 290 3498; x_wconf 88' lang='lat' dir='ltr'>uerba</span> <span class='ocrx_word' id='word_1_234' title='bbox 313 3439 351 3497; x_wconf 87' lang='lat' dir='ltr'>ut</span> <span class='ocrx_word' id='word_1_235' title='bbox 373 3433 581 3512; x_wconf 88' lang='lat' dir='ltr'>adderentur,</span> <span class='ocrx_word' id='word_1_236' title='bbox 606 3433 830 3517; x_wconf 87' lang='lat' dir='ltr'>comparatiua</span> <span class='ocrx_word' id='word_1_237' title='bbox 853 3434 1039 3498; x_wconf 88' lang='lat' dir='ltr'>coniunctio</span> <span class='ocrx_word' id='word_1_238' title='bbox 1062 3433 1148 3499; x_wconf 89' lang='lat' dir='ltr'>feeit.</span> 
     </span>
    </p>

    <p class='ocr_par' dir='ltr' id='par_1_5' title="bbox 189 3535 1339 4652">
     <span class='ocr_line' id='line_1_31' title="bbox 275 3535 1336 3621; baseline -0.001 -20"><span class='ocrx_word' id='word_1_239' title='bbox 275 3537 373 3615; x_wconf 86' lang='lat' dir='ltr'>Haec,</span> <span class='ocrx_word' id='word_1_240' title='bbox 397 3558 481 3621; x_wconf 89' lang='lat' dir='ltr'>quae</span> <span class='ocrx_word' id='word_1_241' title='bbox 494 3538 621 3620; x_wconf 83' lang='lat' dir='ltr'>collegi,</span> <span class='ocrx_word' id='word_1_242' title='bbox 642 3536 765 3600; x_wconf 90' lang='lat' dir='ltr'>nullam</span> <span class='ocrx_word' id='word_1_243' title='bbox 783 3535 1021 3601; x_wconf 90' lang='lat' dir='ltr'>dubitationem</span> <span class='ocrx_word' id='word_1_244' title='bbox 1040 3538 1119 3601; x_wconf 90' lang='lat' dir='ltr'>mihi</span> <span class='ocrx_word' id='word_1_245' title='bbox 1138 3538 1336 3620; x_wconf 82' lang='lat' dir='ltr'>relinquunt,</span> 
     </span>
     <span class='ocr_line' id='line_1_32' title="bbox 190 3639 1338 3725; baseline 0.002 -22"><span class='ocrx_word' id='word_1_246' title='bbox 190 3641 268 3723; x_wconf 90' lang='lat' dir='ltr'>quin</span> <span class='ocrx_word' id='word_1_247' title='bbox 291 3661 311 3705; x_wconf 92' lang='lat' dir='ltr'>a</span> <span class='ocrx_word' id='word_1_248' title='bbox 333 3640 481 3705; x_wconf 90' lang='lat' dir='ltr'>Parisino</span> <span class='ocrx_word' id='word_1_249' title='bbox 504 3641 615 3704; x_wconf 88' lang='lat' dir='ltr'>codiee</span> <span class='ocrx_word' id='word_1_250' title='bbox 645 3639 737 3705; x_wconf 89' lang='lat' dir='ltr'>uelut</span> <span class='ocrx_word' id='word_1_251' title='bbox 765 3661 785 3705; x_wconf 91' lang='lat' dir='ltr'>a</span> <span class='ocrx_word' id='word_1_252' title='bbox 812 3640 925 3723; x_wconf 89' lang='lat' dir='ltr'>stirpis</span> <span class='ocrx_word' id='word_1_253' title='bbox 955 3647 1089 3706; x_wconf 88' lang='lat' dir='ltr'>auctore</span> <span class='ocrx_word' id='word_1_254' title='bbox 1124 3648 1158 3706; x_wconf 91' lang='lat' dir='ltr'>et</span> <span class='ocrx_word' id='word_1_255' title='bbox 1190 3643 1338 3725; x_wconf 84' lang='lat' dir='ltr'>principe</span> 
     </span>
     <span class='ocr_line' id='line_1_33' title="bbox 191 3735 1337 3828; baseline 0.002 -22"><span class='ocrx_word' id='word_1_256' title='bbox 191 3744 291 3808; x_wconf 85' lang='lat' dir='ltr'>ceteri</span> <span class='ocrx_word' id='word_1_257' title='bbox 314 3765 425 3809; x_wconf 89' lang='lat' dir='ltr'>omnes</span> <span class='ocrx_word' id='word_1_258' title='bbox 448 3741 596 3809; x_wconf 82' lang='lat' dir='ltr'>Curtiani</span> <span class='ocrx_word' id='word_1_259' title='bbox 619 3763 720 3825; x_wconf 89' lang='lat' dir='ltr'>genus</span> <span class='ocrx_word' id='word_1_260' title='bbox 745 3742 873 3807; x_wconf 85' lang='lat' dir='ltr'>ducant.</span> <span class='ocrx_word' id='word_1_261' title='bbox 909 3751 1053 3809; x_wconf 87' lang='lat' dir='ltr'>ceterum</span> <span class='ocrx_word' id='word_1_262' title='bbox 1077 3735 1241 3828; x_wconf 28' lang='lat' dir='ltr'>quoniam*</span> <span class='ocrx_word' id='word_1_263' title='bbox 1255 3745 1337 3809; x_wconf 89' lang='lat' dir='ltr'>duas</span> 
     </span>
     <span class='ocr_line' id='line_1_34' title="bbox 190 3844 1337 3929; baseline 0.001 -19"><span class='ocrx_word' id='word_1_264' title='bbox 190 3867 260 3911; x_wconf 87' lang='lat' dir='ltr'>esse</span> <span class='ocrx_word' id='word_1_265' title='bbox 293 3846 410 3910; x_wconf 92' lang='lat' dir='ltr'>horum</span> <span class='ocrx_word' id='word_1_266' title='bbox 442 3846 602 3911; x_wconf 89' lang='lat' dir='ltr'>librorum</span> <span class='ocrx_word' id='word_1_267' title='bbox 629 3844 773 3911; x_wconf 86' lang='lat' dir='ltr'>famiIias</span> <span class='ocrx_word' id='word_1_268' title='bbox 795 3846 967 3929; x_wconf 89' lang='lat' dir='ltr'>Zumptius</span> <span class='ocrx_word' id='word_1_269' title='bbox 991 3848 1239 3924; x_wconf 87' lang='lat' dir='ltr'>demonstrauit,</span> <span class='ocrx_word' id='word_1_270' title='bbox 1275 3848 1337 3912; x_wconf 92' lang='lat' dir='ltr'>duo</span> 
     </span>
     <span class='ocr_line' id='line_1_35' title="bbox 189 3948 1339 4040; baseline 0.003 -29"><span class='ocrx_word' id='word_1_271' title='bbox 189 3948 331 4012; x_wconf 89' lang='lat' dir='ltr'>Parisini</span> <span class='ocrx_word' id='word_1_272' title='bbox 364 3949 514 4032; x_wconf 86' lang='lat' dir='ltr'>exempla</span> <span class='ocrx_word' id='word_1_273' title='bbox 547 3948 624 4012; x_wconf 92' lang='lat' dir='ltr'>olim</span> <span class='ocrx_word' id='word_1_274' title='bbox 657 3948 805 4027; x_wconf 85' lang='lat' dir='ltr'>fuerunt,</span> <span class='ocrx_word' id='word_1_275' title='bbox 840 3971 978 4040; x_wconf 87' lang='lat' dir='ltr'>quorum</span> <span class='ocrx_word' id='word_1_276' title='bbox 1009 3951 1145 4034; x_wconf 88' lang='lat' dir='ltr'>singulis</span> <span class='ocrx_word' id='word_1_277' title='bbox 1176 3972 1251 4016; x_wconf 90' lang='lat' dir='ltr'>mox</span> <span class='ocrx_word' id='word_1_278' title='bbox 1280 3972 1339 4015; x_wconf 86' lang='lat' dir='ltr'>sua</span> 
     </span>
     <span class='ocr_line' id='line_1_36' title="bbox 189 4051 1337 4134; baseline 0.002 -18"><span class='ocrx_word' id='word_1_279' title='bbox 189 4057 260 4117; x_wconf 87' lang='lat' dir='ltr'>erat</span> <span class='ocrx_word' id='word_1_280' title='bbox 295 4051 434 4116; x_wconf 87' lang='lat' dir='ltr'>fecunda</span> <span class='ocrx_word' id='word_1_281' title='bbox 468 4051 586 4134; x_wconf 89' lang='lat' dir='ltr'>proles.</span> <span class='ocrx_word' id='word_1_282' title='bbox 632 4072 708 4115; x_wconf 91' lang='lat' dir='ltr'>nam</span> <span class='ocrx_word' id='word_1_283' title='bbox 743 4072 815 4116; x_wconf 89' lang='lat' dir='ltr'>cum</span> <span class='ocrx_word' id='word_1_284' title='bbox 840 4053 876 4131; x_wconf 82' lang='lat' dir='ltr'>Q.</span> <span class='ocrx_word' id='word_1_285' title='bbox 902 4051 1006 4118; x_wconf 83' lang='lat' dir='ltr'>Curtii</span> <span class='ocrx_word' id='word_1_286' title='bbox 1039 4053 1188 4118; x_wconf 88' lang='lat' dir='ltr'>historici</span> <span class='ocrx_word' id='word_1_287' title='bbox 1222 4053 1337 4118; x_wconf 86' lang='lat' dir='ltr'>saltem</span> 
     </span>
     <span class='ocr_line' id='line_1_37' title="bbox 190 4156 1338 4241; baseline 0.001 -21"><span class='ocrx_word' id='word_1_288' title='bbox 190 4156 360 4238; x_wconf 86' lang='lat' dir='ltr'>scriptoris</span> <span class='ocrx_word' id='word_1_289' title='bbox 391 4176 508 4220; x_wconf 87' lang='lat' dir='ltr'>nomen</span> <span class='ocrx_word' id='word_1_290' title='bbox 532 4162 629 4220; x_wconf 89' lang='lat' dir='ltr'>antea</span> <span class='ocrx_word' id='word_1_291' title='bbox 652 4175 831 4238; x_wconf 91' lang='lat' dir='ltr'>numquam</span> <span class='ocrx_word' id='word_1_292' title='bbox 854 4178 894 4220; x_wconf 90' lang='lat' dir='ltr'>ue</span> <span class='ocrx_word' id='word_1_293' title='bbox 917 4177 937 4221; x_wconf 90' lang='lat' dir='ltr'>a</span> <span class='ocrx_word' id='word_1_294' title='bbox 960 4157 1182 4240; x_wconf 88' lang='lat' dir='ltr'>grammaticis</span> <span class='ocrx_word' id='word_1_295' title='bbox 1207 4157 1338 4241; x_wconf 90' lang='lat' dir='ltr'>quidem</span> 
     </span>
     <span class='ocr_line' id='line_1_38' title="bbox 192 4258 1339 4344; baseline 0.002 -22"><span class='ocrx_word' id='word_1_296' title='bbox 192 4266 480 4324; x_wconf 85' lang='lat' dir='ltr'>commemoratum</span> <span class='ocrx_word' id='word_1_297' title='bbox 504 4264 603 4335; x_wconf 85' lang='lat' dir='ltr'>esset,</span> <span class='ocrx_word' id='word_1_298' title='bbox 639 4258 725 4323; x_wconf 92' lang='lat' dir='ltr'>unde</span> <span class='ocrx_word' id='word_1_299' title='bbox 748 4280 856 4323; x_wconf 90' lang='lat' dir='ltr'>rarum</span> <span class='ocrx_word' id='word_1_300' title='bbox 880 4281 961 4343; x_wconf 89' lang='lat' dir='ltr'>opus</span> <span class='ocrx_word' id='word_1_301' title='bbox 985 4261 1053 4325; x_wconf 87' lang='lat' dir='ltr'>eius</span> <span class='ocrx_word' id='word_1_302' title='bbox 1077 4265 1110 4324; x_wconf 91' lang='lat' dir='ltr'>et</span> <span class='ocrx_word' id='word_1_303' title='bbox 1133 4261 1339 4344; x_wconf 76' lang='lat' dir='ltr'>propenihi1</span> 
     </span>
     <span class='ocr_line' id='line_1_39' title="bbox 189 4361 1338 4447; baseline 0.001 -21"><span class='ocrx_word' id='word_1_304' title='bbox 189 4363 392 4444; x_wconf 90' lang='lat' dir='ltr'>diuulgatum</span> <span class='ocrx_word' id='word_1_305' title='bbox 432 4361 533 4425; x_wconf 89' lang='lat' dir='ltr'>fuisse</span> <span class='ocrx_word' id='word_1_306' title='bbox 573 4368 661 4427; x_wconf 90' lang='lat' dir='ltr'>recte</span> <span class='ocrx_word' id='word_1_307' title='bbox 696 4362 805 4445; x_wconf 90' lang='lat' dir='ltr'>colligi</span> <span class='ocrx_word' id='word_1_308' title='bbox 839 4371 958 4447; x_wconf 85' lang='lat' dir='ltr'>potest,</span> <span class='ocrx_word' id='word_1_309' title='bbox 993 4384 1013 4428; x_wconf 89' lang='lat' dir='ltr'>a</span> <span class='ocrx_word' id='word_1_310' title='bbox 1047 4364 1178 4429; x_wconf 87' lang='lat' dir='ltr'>saeculo</span> <span class='ocrx_word' id='word_1_311' title='bbox 1214 4364 1338 4428; x_wconf 88' lang='lat' dir='ltr'>decimo</span> 
     </span>
     <span class='ocr_line' id='line_1_40' title="bbox 190 4465 1338 4552; baseline 0.002 -23"><span class='ocrx_word' id='word_1_312' title='bbox 190 4487 293 4548; x_wconf 90' lang='lat' dir='ltr'>usqne</span> <span class='ocrx_word' id='word_1_313' title='bbox 312 4466 354 4531; x_wconf 91' lang='lat' dir='ltr'>ad</span> <span class='ocrx_word' id='word_1_314' title='bbox 373 4467 539 4530; x_wconf 88' lang='lat' dir='ltr'>inuentam</span> <span class='ocrx_word' id='word_1_315' title='bbox 557 4465 825 4548; x_wconf 86' lang='lat' dir='ltr'>typographicam</span> <span class='ocrx_word' id='word_1_316' title='bbox 842 4476 947 4532; x_wconf 88' lang='lat' dir='ltr'>artem</span> <span class='ocrx_word' id='word_1_317' title='bbox 965 4467 1047 4532; x_wconf 90' lang='lat' dir='ltr'>adeo</span> <span class='ocrx_word' id='word_1_318' title='bbox 1066 4488 1162 4552; x_wconf 89' lang='lat' dir='ltr'>saepe</span> <span class='ocrx_word' id='word_1_319' title='bbox 1180 4466 1338 4532; x_wconf 89' lang='lat' dir='ltr'>historiae</span> 
     </span>
     <span class='ocr_line' id='line_1_41' title="bbox 189 4568 1337 4652; baseline 0.003 -20"><span class='ocrx_word' id='word_1_320' title='bbox 189 4569 257 4632; x_wconf 89' lang='lat' dir='ltr'>eius</span> <span class='ocrx_word' id='word_1_321' title='bbox 287 4568 567 4647; x_wconf 86' lang='lat' dir='ltr'>describebantur,</span> <span class='ocrx_word' id='word_1_322' title='bbox 601 4574 638 4632; x_wconf 91' lang='lat' dir='ltr'>ut</span> <span class='ocrx_word' id='word_1_323' title='bbox 667 4569 708 4633; x_wconf 92' lang='lat' dir='ltr'>ad</span> <span class='ocrx_word' id='word_1_324' title='bbox 738 4571 905 4652; x_wconf 89' lang='lat' dir='ltr'>octoginta</span> <span class='ocrx_word' id='word_1_325' title='bbox 934 4570 1063 4636; x_wconf 85' lang='lat' dir='ltr'>codices</span> <span class='ocrx_word' id='word_1_326' title='bbox 1087 4571 1184 4636; x_wconf 91' lang='lat' dir='ltr'>hodie</span> <span class='ocrx_word' id='word_1_327' title='bbox 1208 4577 1337 4635; x_wconf 82' lang='lat' dir='ltr'>exstare</span> 
     </span>
    </p>
   </div>
   <div class='ocr_carea' id='block_1_3' title="bbox 0 0 1538 5152">
    <p class='ocr_par' dir='ltr' id='par_1_6' title="bbox 0 0 1538 5152">
     <span class='ocr_line' id='line_1_42' title="bbox 0 0 1538 5152; baseline 0 0"><span class='ocrx_word' id='word_1_328' title='bbox 0 0 1538 5152; x_wconf 95' lang='lat' dir='ltr'> </span> 
     </span>
    </p>
   </div>
  </div>
 </body>
</html>
