3068 5152
662 363 791 444 ‚aa

193 550 372 614 iunetiuam
407 549 668 613 coniunctionem
709 568 781 611 esse
828 547 977 629 putabat.
1019 569 1133 612 uerum
1176 547 1263 612 illud
1298 547 1358 612 hic

195 651 357 733 signifieat
381 651 508 715 ‘etiam'.
555 701 560 715 .

324 758 352 831 9,
376 761 396 818 4
418 753 532 836 fragm.
557 753 743 833 Rhenaug.:
769 752 870 817 Indns
892 753 1028 834 gelidior
1050 757 1098 816 est
1119 773 1213 835 qnorn
1237 755 1358 818 ceteri:

195 876 295 937 nqnns
323 856 408 920 nebit
435 856 536 920 colore
563 855 662 918 enoris
690 855 775 919 bonci
806 855 938 919 nnttnrn
971 854 1180 920 abhorrentes,
1226 856 1356 939 reliqui

194 959 394 1042 ‘colore’pro
410 958 551 1037 ‘calore'3
576 958 633 1022 sed
658 957 697 1020 de
721 957 795 1038 gelu
817 955 961 1021 fluminis
985 959 1167 1021 orationem
1190 959 1354 1041 persequi

194 1082 327 1126 neeesse
362 1067 428 1142 est3
461 1082 536 1125 nam
566 1060 744 1144 asyndeton
775 1061 1012 1124 sententiarum
1041 1060 1128 1140 quod
1158 1060 1250 1125 aliud
1285 1061 1354 1126 nisi

194 1164 427 1246 explicatiuum
457 1163 697 1244 intellegimus?
742 1162 800 1226 sed
831 1164 857 1226 si
882 1184 969 1246 aqua
992 1162 1063 1226 Indi
1086 1160 1231 1228 fluminis
1255 1161 1353 1245 frigi-

195 1267 338 1345 dissima,
362 1268 462 1330 maris
485 1287 564 1348 prae
587 1266 644 1329 illa
668 1265 775 1329 calida
797 1273 944 1341 uocatur,
967 1263 1089 1329 flumen
1113 1265 1221 1330 calore
1245 1267 1354 1331 maris

193 1369 339 1448 multum,
368 1391 432 1434 non
455 1369 560 1432 ‘haud'
584 1363 721 1431 multum
746 1367 910 1432 abhorret.
956 1368 989 1432 id
1012 1369 1112 1448 igitur
1140 1369 1240 1432 etiam
1271 1375 1357 1451 post

194 1473 357 1554 cognitam
380 1471 639 1552 Rhenaugiensis
663 1470 785 1534 codicis
809 1470 1068 1534 emendationem
1092 1476 1205 1547 restat,
1230 1477 1270 1534 ut
1293 1493 1355 1536 ne·
1381 1534 1384 1547 1

193 1574 291 1655 gandi
321 1575 485 1656 particula
508 1572 615 1637 ‘haud’
638 1580 675 1637 111
697 1572 780 1637 falso
804 1575 929 1647 inserta
953 1572 1112 1637 deleatur.
1158 1574 1224 1636 iam
1258 1574 1355 1655 quod

193 1678 468 1758 praepositionem
498 1676 535 1741 ‘a’
559 1683 634 1740 ante
658 1676 786 1740 ‘calore’
809 1675 912 1740 Rbeu.
937 1676 1069 1755 omittit,
1098 1675 1131 1739 id
1162 1676 1192 1738 ei
1222 1696 1301 1740 cum
1327 1677 1356 1742 P

194 1780 363 1857 conuenit3
398 1784 431 1842 11
458 1799 532 1842 cum
562 1801 626 1842 non
655 1779 744 1860 apud
767 1784 894 1843 eeteros
918 1779 1093 1860 scriptores
1117 1779 1221 1859 magis
1247 1800 1357 1862 quam

194 1882 278 1964 apud
304 1880 451 1946 Curtium
475 1880 640 1945 ablatiuus
664 1881 752 1963 apud
776 1881 958 1946 ‘abhorreo’
976 1901 1075 1963 saepe
1098 1883 1355 1964 praepositione

193 1991 313 2063 careat,
337 1985 371 2048 in
394 1984 456 2047 bac
479 2005 515 2048 re
538 1983 632 2047 bonis
656 1983 824 2048 codicibus
848 1982 1138 2066 obtemperandum
1162 1989 1225 2047 est.

320 2090 348 2163 9,
374 2090 391 2150 5
416 2086 440 2149 P
469 2085 597 2168 Goitpes
626 2087 763 2150 onninn
785 2084 821 2150 ob
848 2087 976 2152 Oriente
1004 2086 1213 2149 insanientis
1243 2088 1354 2153 idem·

194 2211 268 2273 que,
292 2191 458 2271 geminata
480 2196 610 2253 tantum
628 2209 695 2252 una
712 2189 824 2253 littera
841 2188 941 2269 finali,
965 2186 1150 2269 fragmenta
1163 2189 1354 2272 Rhenaug.:

193 2292 335 2373 ‘Ganges
360 2313 387 2356 o.
413 2292 454 2355 ab
479 2292 515 2355 O.
540 2293 610 2355 eius
635 2292 790 2356 exnmiis’.
836 2293 869 2355 in
897 2313 962 2374 quo
996 2292 1024 2354 si
1053 2292 1126 2374 quis
1150 2291 1187 2356 ob
1214 2291 1356 2358 Oriente

193 2396 268 2471 eins,
303 2395 334 2457 id
367 2400 418 2458 eat
445 2393 518 2457 Indi
546 2392 699 2472 fluminis,
735 2415 847 2457 uerum
877 2414 950 2458 esse
976 2393 1157 2458 arbitratus
1183 2394 1352 2460 Graecam

193 2504 392 2562 structuram
409 2503 478 2578 πρὸς
496 2501 529 2558 ἕω
547 2503 616 2566 τινός
634 2503 811 2579 comparet,
835 2518 908 2560 eum
928 2518 1020 2560 usum
1041 2497 1166 2561 Latinis
1185 2499 1352 2580 exemplis

193 2598 419 2662 confirmatum
449 2622 513 2663 non
544 2601 708 2679 reperiat3
743 2621 840 2683 quam
875 2600 916 2664 ob
950 2621 1019 2664 rem
1047 2601 1232 2681 scripturae
1262 2601 1353 2665 mul-

194 2708 301 2764 torum
325 2701 482 2777 codicum,
507 2703 562 2784 qui
585 2702 646 2766 hoc
668 2724 728 2766 usu
751 2712 920 2786 tamquam
942 2724 1020 2767 uero
1043 2709 1176 2786 recepto
1201 2701 1353 2786 ‘Ganges

192 2806 296 2868 amnis
320 2804 361 2867 ab
385 2804 518 2869 Oriente
542 2806 611 2869 eius
636 2805 754 2869 exiens'
778 2805 937 2882 scribunt,
967 2827 1031 2869 non
1062 2804 1240 2868 adsentior.
1288 2826 1351 2870 au-

192 2908 306 2971 dacius
337 2907 435 2970 etiam
466 2908 565 2971 ceteri
600 2909 806 2986 recentiores,
842 2908 961 2992 quibus
996 2907 1167 2990 Zumptius
1201 2908 1351 2973 maxime

191 3030 268 3073 usus
300 3016 357 3086 est,
393 3009 469 3072 libri
499 3009 546 3072 sic
569 3012 730 3092 corrigere
754 3019 930 3075 conantur:
966 3009 1106 3090 ‘Ganges
1130 3009 1277 3073 omnium
1304 3010 1351 3075 ab

193 3112 325 3176 Oriente
348 3110 468 3175 fluuius
492 3113 647 3176 eximius’.
688 3119 723 3176 at
746 3121 878 3195 praeter
901 3113 1075 3177 audaciam
1098 3118 1237 3176 conatus
1260 3111 1353 3178 illud

193 3214 349 3279 ‘eximius’
373 3216 468 3278 nimis
491 3216 580 3279 uelut
602 3215 771 3280 indefinite
794 3215 923 3295 dieitur,
947 3236 1020 3279 eum
1043 3215 1157 3279 addito
1183 3213 1351 3296 ablatiuo‚

192 3326 229 3381 ut
258 3317 502 3399 ‘magnitudine'
530 3318 583 3382 uel
613 3319 654 3382 ‘ui
688 3319 811 3400 aquae,
840 3319 979 3382 indicari
1013 3317 1174 3396 debuerit,
1208 3338 1275 3401 qua
1313 3341 1353 3385 re

193 3419 321 3500 Ganges
351 3441 371 3482 a
401 3421 519 3483 ceteris
546 3418 735 3485 fluminibus
765 3420 920 3485 differret.
967 3420 1068 3502 quid?
1101 3420 1188 3500 quod
1218 3421 1283 3485 etsi
1315 3422 1353 3487 in

192 3521 293 3587 uerbo
328 3518 484 3586 ‘eximius'
518 3523 569 3586 uis
604 3523 764 3604 quaedam
806 3523 998 3607 superlatiui
1033 3529 1084 3586 est
1123 3544 1261 3606 eamque
1308 3525 1355 3590 ob
1446 3607 1452 3615 ι

192 3645 324 3690 causam
359 3646 430 3689 enm
466 3625 670 3708 superlatiuo
704 3626 890 3710 copulatiue
924 3626 1088 3690 interdum
1123 3626 1354 3707 coniungitur,

190 3749 367 3811 numquam
390 3734 508 3807 tamen,
540 3730 626 3812 quod
656 3730 808 3809 sciamus,
838 3729 1026 3811 genetiuum
1057 3728 1160 3811 partis
1182 3729 1276 3810 regit.
1304 3765 1352 3776 —

189 3830 223 3895 in
247 3831 362 3913 optimi
384 3832 484 3911 igitur
507 3833 789 3915 uetustissimique
813 3831 935 3896 codicis
965 3832 1130 3912 scriptura
1160 3831 1349 3897 consisten-

191 3933 268 3996 dum
285 3939 377 3997 ratus
398 3955 438 3997 ex
456 3935 524 3998 eins
543 3935 688 3999 ‘eximiis'
701 3934 860 3998 rnnninns
879 3954 1000 4010 eruam,
1024 3954 1122 4015 quem
1146 3932 1349 4000 admodum

191 4034 277 4116 apud
308 4033 454 4100 Curtium
489 4036 573 4100 infra
596 4036 689 4101 VIIII
719 4041 746 4115 2,
772 4042 790 4101 2
819 4036 918 4100 Indus
953 4036 1087 4119 quidam
1122 4035 1186 4099 hoo
1218 4033 1348 4102 flumen

190 4138 386 4202 ‘maximum'
408 4141 511 4203 totius
534 4138 648 4203 Indiae
678 4160 751 4204 esse
780 4138 940 4222 perhibet.
985 4140 1051 4202 iam
1085 4138 1349 4218 fragmentulum

189 4239 266 4317 ‘ius’‚
301 4261 374 4304 cum
408 4242 440 4305 in
472 4241 495 4304 P
526 4239 574 4321 (11
595 4240 714 4322 1111111.)
743 4264 809 4306 non
833 4240 999 4320 ‘eximius’,
1035 4241 1094 4306 sed
1118 4239 1266 4305 ‘eximiis’
1290 4245 1349 4322 sit,

190 4343 384 4407 emendandi
418 4349 593 4426 corruptae
623 4345 715 4424 nocis
744 4345 851 4408 exitus
880 4364 1036 4408 conamen
1059 4343 1198 4409 forsitan
1220 4350 1346 4420 putare

188 4443 297 4508 liceat.
353 4446 401 4509 ita
434 4435 516 4508 haec
550 4442 750 4510 efficiuntur:
794 4445 922 4527 Ganges
963 4447 1101 4511 omniurn
1136 4447 1174 4512 ob
1212 4446 1348 4513 Oriente

188 4546 356 4625 monimus,
380 4549 414 4612 in
437 4546 558 4631 quibus
581 4547 684 4612 uerba
708 4549 759 4613 ‘ab
778 4547 921 4614 Oriente’
939 4549 1101 4614 adiectine
1125 4550 1232 4632 posita
1255 4558 1348 4632 sunt,

85 4706 88 4713 .
188 4636 282 4711 uelut
309 4647 360 4712 ‘ad
388 4647 563 4714 Orientem’
592 4649 622 4712 X
653 4654 680 4729 1,
708 4653 755 4730 17,
789 4649 846 4715 ubi
880 4655 930 4715 est
963 4650 1059 4716 ‘omni
1093 4651 1137 4716 ad
1172 4651 1346 4719 Orientem
