3068 5152
743 366 783 427 96

188 553 258 616 sine
293 550 392 616 dubio
425 551 514 616 illius
548 553 671 616 ueteris
706 553 892 635 scripturae
925 556 961 614 ui
989 585 1032 595 —
1057 557 1225 632 pomereio,-
1260 573 1345 634 quae

187 653 328 718 fortasse
356 653 438 718 haec
471 655 693 736 sequebantur
715 689 756 699 —
779 675 855 718 nam
890 656 1039 736 proxima
1068 676 1197 738 quoque
1220 657 1347 720 uitiosa

188 764 266 821 sunt
293 791 335 802 -
356 757 478 837 placore
510 758 687 838 sepiiremis
721 757 823 821 ommis
856 776 922 820 esse
956 757 1129 839 deducique
1161 757 1344 840 Bobqloao.

188 860 338 923 similiter
366 859 460 923 VIIII
496 864 544 935 10,
570 864 587 922 3
622 865 698 943 post
727 860 913 942 ‘imperauit
935 859 980 923 ut’
1005 861 1110 924 oratio
1134 881 1208 924 mox
1230 861 1266 925 in
1289 881 1345 926 ac·

190 964 375 1026 cusatiuum
399 982 472 1026 cum
495 961 657 1025 infinitiuo
682 963 811 1025 transit.

320 1069 346 1142 l,
371 1069 410 1128 26
435 1063 458 1127 P
487 1065 726 1146 admonitusque
753 1085 772 1129 ο
806 1064 995 1145 quibasdam
1028 1085 1128 1147 aequo
1154 1065 1344 1129 Alexandro

189 1168 278 1232 cordi
311 1188 389 1232 esse.
435 1167 519 1231 hanc
555 1167 649 1231 modo
679 1166 819 1231 Parisini
853 1168 1052 1249 scripturam
1086 1167 1193 1232 solum
1227 1189 1345 1232 uerum

190 1270 396 1335 coniectandi
419 1269 667 1333 fundamentum
697 1291 768 1334 esse
797 1275 976 1348 teneamur,
1006 1291 1064 1352 pro
1087 1269 1212 1352 ‘aequa’
1237 1289 1345 1352 oeque,

190 1374 224 1436 id
248 1380 298 1437 est
321 1393 426 1455 aeque
449 1382 549 1454 atque
574 1374 707 1451 amicos,
732 1394 826 1437 nemo
851 1393 915 1436 non
937 1372 1034 1436 facile
1057 1370 1256 1436 emendabit.
1304 1373 1345 1437 de

191 1478 310 1540 omisso
333 1475 426 1539 ‘eum'
459 1474 497 1538 cf.
522 1475 665 1539 Miitzell.
696 1497 749 1558 pp.
785 1479 917 1538 10—11.
964 1482 1107 1539 ceterum
1142 1475 1207 1537 iam
1243 1496 1346 1540 mem·
1401 1508 1403 1517 ·

190 1578 314 1643 branae
339 1576 443 1642 Medii
466 1576 673 1641 Colonienses
704 1577 836 1660 ‘aeque’,
872 1576 959 1661 quod
993 1576 1048 1641 ille
1076 1583 1186 1641 tamen
1215 1578 1344 1642 reiecit.

189 1681 307 1765 reliqui
328 1681 420 1744 codd.
439 1680 507 1744 fere
525 1679 671 1763 ‘equam',
697 1680 783 1764 quod
807 1682 839 1744 in
863 1680 946 1744 allas
969 1680 1174 1745 coniecturas
1198 1680 1347 1746 editores

190 1784 328 1848 induxit.
352 1818 394 1828 -
421 1782 509 1846 infra
538 1781 555 1864 ξ
588 1787 627 1846 38
656 1782 680 1844 Ρ
715 1789 803 1847 recte
837 1780 1049 1863 beaipoiioiis,
1085 1783 1172 1866 quod
1207 1791 1348 1866 propter

191 1886 386 1951 Hedickium
408 1906 534 1949 moneo.

320 1994 348 2066 2,
374 1993 391 2052 3
416 1988 509 2052 codd.
535 1987 744 2069 (Harpalum)
769 1987 945 2069 aquodam
975 1992 1098 2051 auctore
1124 1989 1348 2069 interemptam

183 2112 246 2172 per
268 2092 413 2156 insidias.
449 2092 567 2156 scribd.
593 2112 609 2154 ο
641 2091 775 2172 quodam
804 2090 984 2154 amicorum.
1019 2111 1095 2154 nam
1118 2089 1251 2154 Cellarii
1275 2094 1347 2175 qui-

192 2194 266 2258 dem
295 2194 478 2258 emendatio
503 2193 720 2257 ‘Tlrimbrone’
744 2215 804 2276 pro
827 2193 978 2257 ‘auctore’
1000 2200 1039 2256 ut
1062 2214 1158 2258 sensu
1181 2201 1260 2276 apta
1285 2203 1345 2274 est,

194 2297 285 2381 itas.
308 2288 481 2379 ¹scriptura
510 2296 658 2360 codicum
691 2297 788 2359 nimis
823 2295 973 2359 discedit.
1020 2296 1058 2360 of.
1083 2296 1216 2361 Diodor.
1244 2297 1345 2363 Sioul.

191 2398 283 2462 XVII
309 2401 367 2462 108
390 2405 445 2461 ὑπὸ
470 2405 634 2481 Θίμβρωνος,
658 2405 716 2469 ἑνὸς
738 2405 790 2460 τῶν
812 2407 906 2477 φίλων,
928 2405 1144 2477 ἐδολοφονήθη,

321 2506 349 2579 2,
374 2506 392 2564 6
417 2502 510 2565 codd.
535 2503 597 2565 soli
619 2502 840 2577 Athenienses
871 2521 934 2564 noa
957 2522 1014 2565 sao
1037 2502 1138 2579 mode,
1169 2503 1344 2566 sedetiam

185 2601 312 2684 pratitae
345 2602 498 2682 uindices,
533 2604 741 2669 collusionem-
777 2604 920 2667 ordinem
957 2604 1118 2667 lominum
1146 2604 1223 2684 quic
1252 2625 1345 2687 seqre

76 2707 79 2712 ’
192 2707 342 2786 ferebant.
388 2708 422 2771 in
456 2708 569 2788 primis
602 2708 714 2771 uerbis
743 2707 882 2784 Medius
917 2709 972 2788 qui
1002 2706 1078 2769 VIII
1110 2711 1137 2784 5,
1166 2710 1206 2771 20
1237 2706 1345 2772 ‘Calli-

192 2809 324 2874 sthenes
337 2809 440 2875 ueluti
452 2811 575 2874 uindex
587 2811 737 2893 publicae
755 2808 928 2874 libertatis'
941 2831 999 2891 pro
1018 2809 1207 2874 testimonio
1226 2809 1345 2875 afferre

194 2921 357 2994 potuerat,
381 2915 428 2977 sic
450 2920 540 2979 recte
563 2910 752 2977 emendasse
776 2911 925 2976 uidetur:
959 2931 1024 2975 noa
1051 2931 1127 2976 saue
1153 2913 1255 2991 modo,
1290 2913 1347 2977 sei

194 3016 288 3079 eliam
309 3016 455 3095 publicae
477 3017 620 3081 uindices
643 3015 809 3080 libertatis.
855 3015 887 3077 in
917 3014 1075 3097 proximis
1104 3013 1232 3094 deinde,
1256 3014 1344 3096 quod

195 3118 333 3182 uerbum
368 3119 427 3183 sub
462 3118 616 3184 mendoso
650 3117 707 3182 illo
741 3116 905 3182 ‘ordinem’
939 3116 1042 3180 latere
1076 3117 1257 3198 putandum
1293 3120 1344 3196 sit,

195 3218 429 3302 ‘purgamenta'
452 3223 485 3284 in
516 3220 729 3304 consequenti
757 3219 964 3302 paragrapho
998 3219 1169 3283 ostendere
1204 3219 1344 3285 uidetur.

193 3343 270 3387 nam
284 3323 420 3387 uerbum
433 3324 667 3406 ‘purgamenta'
681 3323 720 3387 de
738 3324 851 3386 eiectis
870 3321 1065 3387 sordibus
1084 3322 1213 3385 dieitur.
1238 3329 1347 3388 restat

196 3428 271 3503 iam,
295 3428 387 3489 utin
410 3426 653 3509 ‘hominumqui’
671 3425 851 3489 infinitiuus
876 3432 1061 3507 quaeratur,
1087 3445 1182 3507 quem
1205 3423 1232 3486 si
1255 3431 1346 3489 recte

196 3530 338 3610 repperi,
364 3529 410 3592 sio
432 3529 523 3592 locus
547 3536 713 3592 correctus
737 3528 815 3591 erit:
839 3528 1045 3592 collocationem
1061 3527 1204 3590 sordium
1220 3527 1348 3608 iaiaaqi

196 3650 288 3712 aeqre
302 3629 452 3710 jeroboal.
478 3629 599 3711 (ortum
618 3630 770 3695 mendum
783 3651 823 3694 ex
840 3630 902 3694 hac
916 3632 1027 3711 script.
1039 3653 1045 3693 :
1059 3629 1346 3710 sordiuminiungi·

196 3735 317 3816 aegre).

325 3841 396 3915 2,9
430 3837 517 3901 Mod.
553 3841 741 3913 excerceret,
783 3838 896 3900 ceteri.
938 3835 1038 3899 uerbo
1079 3836 1182 3916 magis
1222 3836 1347 3899 usitato

195 3947 339 4023 recepto,
375 3940 586 4004 secerneret.
641 3940 778 4003 uerbum
821 3938 1012 4002 ‘excernere'
1047 3936 1210 4019 Uergilius
1246 3939 1348 4002 semel

178 4042 359 4130 ‚lGaorgic
384 4041 433 4105 III
457 4041 541 4120 398),
578 4042 692 4106 Liuius
714 4044 745 4105 in
771 4063 809 4105 ea
838 4043 945 4123 operis
976 4050 1080 4123 parte,
1115 4060 1199 4123 quae
1228 4046 1346 4117 exstat,

196 4146 247 4210 bis
281 4166 360 4210 usus
395 4150 453 4223 est,
488 4144 580 4208 VIIII
613 4148 663 4219 46,
690 4149 728 4207 14
763 4152 796 4208 et
823 4143 958 4208 XXVIII
991 4146 1115 4221 39,10‚
1148 4150 1285 4225 uterque
1314 4144 1348 4205 in

195 4250 370 4331 participio
400 4243 536 4331 perfecti
566 4248 724 4330 temporis
748 4247 925 4312 ‘exoretust
971 4252 1051 4328 post
1072 4245 1132 4309 hos
1168 4245 1285 4309 deinde
1315 4246 1348 4310 in

195 4350 332 4433 reliquis
353 4350 460 4415 modis
484 4348 673 4427 Columella,
703 4347 818 4414 Celsus
842 4351 962 4432 aliique
985 4354 1203 4431 usurparunt;
1234 4349 1348 4432 itaque

196 4474 236 4517 ne
271 4453 383 4517 Curtio
418 4453 560 4536 quidem,
595 4436 651 4535 qui
683 4460 715 4515 et
742 4454 814 4535 ipse
845 4473 1028 4515 sermonem
1059 4451 1144 4514 Liuii
1171 4452 1205 4513 in
1236 4451 1349 4515 multis

196 4556 296 4621 rebus
321 4577 470 4638 egressus
494 4563 553 4633 est,
575 4556 604 4620 is
627 4576 706 4619 usus
729 4562 817 4618 recte
841 4553 1024 4618 abiudicari
1047 4559 1165 4635 potest.
