3068 5152
749 367 789 457 ee

191 553 356 636 proximos
391 550 533 615 editores
568 550 750 614 emendatio
781 549 995 615 Freinshemii
1027 548 1095 632 repi
1127 547 1224 633 fugit,
1264 570 1355 632 quae

191 654 365 717 uerissima
399 658 463 731 est3
498 672 571 715 cum
604 673 680 733 rege
716 653 801 716 enim
829 652 1025 716 Macedones
1061 673 1139 716 cura
1172 653 1206 715 in
1235 651 1354 717 Ptole·

191 776 320 819 maeum
344 755 523 825 certabant.

222 896 228 910 -·
321 863 349 933 9,
380 864 398 920 6
429 856 454 920 Ρ
485 857 570 920 Mod.
595 856 680 920 Flor.
706 856 734 921 G
765 857 846 921 Bud.
868 857 910 936 (l)
941 855 1085 920 obessent
1112 858 1210 936 reori3
1244 859 1353 921 ceteri

192 961 331 1026 ‘abesset
355 959 461 1038 mare’,
492 968 524 1024 et
546 960 609 1024 hoc
637 981 767 1043 quoque
791 958 922 1024 Curtius
953 959 1095 1023 scribere
1118 961 1240 1043 potuit.
1290 961 1355 1025 sed

191 1061 286 1128 nobis
310 1061 390 1126 nihil
413 1063 586 1127 emendato
609 1084 691 1145 opus
710 1070 769 1125 est.
806 1062 922 1143 (‘mari’
942 1084 1001 1145 pro
1019 1062 1128 1126 ‘mare’
1140 1063 1175 1126 in
1193 1064 1353 1145 proximo

193 1167 320 1231 demum
343 1186 442 1228 uersu
464 1167 498 1228 in
520 1164 545 1228 P
570 1186 649 1242 esse,
671 1187 736 1228 non
758 1173 846 1228 recte
869 1163 1048 1229 Hediokius
1071 1173 1190 1230 auctor
1213 1166 1294 1247 est.)

320 1272 347 1346 9,
378 1272 416 1331 21
442 1267 466 1331 P
497 1289 544 1349 pr.
576 1291 618 1332 m.
642 1268 824 1345 identidem,
854 1290 919 1330 non
950 1268 1137 1332 ‘identidem
1163 1267 1274 1332 idem’.
1307 1303 1350 1315 -

190 1358 275 1434 infra
298 1369 314 1452 ἓ
338 1375 378 1433 26
401 1372 484 1434 rade
508 1376 629 1434 tactem
657 1371 795 1434 redisset
821 1370 923 1434 subito
950 1391 1045 1452 incre,
1074 1390 1136 1452 ρων
1163 1370 1276 1452 pridie
1298 1393 1353 1435 re-

188 1476 333 1556 frrpisset,
358 1493 512 1555 quaenam
534 1479 618 1537 esset
640 1472 780 1537 eiusdem
802 1474 941 1536 demeriti
960 1477 1075 1538 notare
1095 1508 1138 1518 -
1155 1474 1352 1538 mirabundi

188 1574 396 1659 requirebant.
448 1577 496 1639 ita
525 1576 688 1640 secundae
718 1577 832 1640 classis
863 1576 1001 1655 codices,
1030 1575 1122 1641 uelut
1144 1577 1238 1655 Bud.,
1271 1598 1353 1642 cum

189 1681 222 1744 in
258 1680 282 1742 P
318 1681 499 1761 ceterisque
536 1679 627 1742 libris
662 1679 801 1742 eiusdem
834 1679 950 1743 mentis
984 1680 1035 1742 sit.
1083 1685 1115 1743 et
1143 1701 1259 1744 uerum
1295 1688 1351 1746 est

191 1784 329 1859 omnino,
362 1782 448 1863 quod
480 1781 622 1845 editores
645 1782 817 1863 recipiunt,
847 1781 996 1860 elementi,
1025 1782 1083 1846 sed
1107 1803 1154 1860 ea,
1184 1804 1272 1865 quae
1297 1785 1353 1848 ita

190 1885 365 1962 adduntur,
399 1884 476 1961 ‘ele’,
506 1884 646 1966 petenda
678 1891 755 1947 sunt
783 1905 822 1948 ex
849 1884 965 1948 ultima
989 1885 1215 1967 praecedentis
1247 1888 1349 1951 uocis

191 1987 316 2071 syllaba
339 1988 397 2050 ‘de'
427 2023 469 2031 -
498 1994 530 2050 et
559 1986 669 2050 littera
699 1986 719 2049 d
749 2007 821 2050 cum
844 1986 874 2050 el
902 1986 997 2050 facile
1021 1989 1214 2052 commutari
1244 2010 1351 2070 posse

192 2089 324 2153 uidetur
357 2125 395 2134 —
423 2090 696 2171 scribendumque
731 2090 800 2152 eires
834 2088 986 2152 demeriti.
1044 2111 1119 2154 nam
1155 2091 1184 2155 si
1216 2112 1353 2156 nouum

190 2193 282 2257 uelut
304 2194 493 2270 membrum,
516 2192 604 2276 quod
623 2192 848 2274 superioribus
870 2191 981 2272 (⁶unde
1003 2198 1132 2257 tantum
1150 2215 1175 2256 r.
1200 2215 1225 2258 s.
1244 2195 1352 2260 mare'

190 2304 223 2359 et
246 2300 320 2376 ‘quo
344 2296 449 2378 pridie
472 2295 598 2376 refug.’)
622 2295 793 2359 accederet
817 2301 850 2358 et
873 2315 912 2358 cx
935 2294 1094 2376 parallelo
1118 2316 1192 2360 cum
1220 2296 1263 2360 iis
1287 2320 1351 2378 po-

189 2405 331 2474 neretur,
356 2399 413 2462 illa
435 2399 535 2462 tertia
558 2400 722 2462 sententia
746 2401 916 2480 ‘quaenam
942 2404 1030 2462 esset
1052 2399 1121 2462 eius
1145 2399 1238 2462 elem.
1264 2401 1349 2465 nat.‘

190 2502 382 2569 contineret,
405 2508 495 2564 recte
519 2501 683 2565 ‘eiusdem’
708 2501 886 2578 diceret-um
917 2521 1003 2566 nunc
1027 2520 1100 2564 oum
1123 2502 1258 2565 notione
1284 2524 1352 2568 sua

189 2602 286 2666 latius
309 2609 427 2684 patens
451 2602 533 2667 haec
557 2586 725 2668 sententia
744 2604 817 2667 illas
842 2603 942 2666 etiam
966 2603 1234 2685 comprehendat,
1264 2626 1350 2672 usus

189 2706 258 2770 eius
282 2706 481 2788 pronominis
505 2707 634 2771 excludi
657 2707 736 2770 mihi
759 2706 900 2770 uidetur.

319 2812 366 2887 10,
380 2805 405 2872 3'
415 2808 521 2873 scrbd.
535 2809 661 2873 interiret
673 2814 703 2873 et
712 2807 803 2874 orbes
816 2809 987 2890 plerasque
999 2808 1143 2873 condidit
1154 2814 1184 2873 et
1194 2809 1351 2875 Nearcho

188 2917 279 2993 ctqtre
302 2910 473 2976 Onesicrito
496 2914 639 2976 nauticae
660 2914 705 2976 rei
726 2912 843 2987 peritis
865 2913 1036 2991 imperarit
1052 2919 1138 2990 cett,
1161 2914 1193 2975 in
1217 2913 1350 2995 quibus

187 3015 412 3096 copulatiuam
435 3016 699 3079 coniunctionem
722 3022 799 3079 ante
823 3014 994 3078 ‘Nearcho'
1017 3015 1091 3079 ideo
1115 3014 1237 3094 addidi,
1262 3019 1350 3099 quia
1378 3085 1380 3088 ⁴

146 3119 149 3123 ’
187 3137 294 3199 neque
319 3117 370 3181 ‘et’
393 3119 511 3200 prioris
542 3118 724 3183 sententiae
753 3117 874 3201 alioqui
905 3116 1051 3197 intellegi
1080 3139 1176 3199 posse
1204 3119 1351 3184 uidetur

187 3240 292 3301 neque
315 3221 479 3302 posterius
503 3222 710 3285 enuntiatum
734 3222 797 3283 nisi
816 3220 952 3284 moleste
975 3220 1154 3298 uinculum,
1176 3241 1242 3303 quo
1268 3242 1350 3288 cum

188 3323 411 3403 superioribus
435 3324 662 3405 coniungatur,
687 3323 885 3387 desiderare.
1165 3395 1167 3398 y

319 3429 367 3502 10,
404 3429 440 3487 12
476 3426 568 3489 codd.
604 3446 674 3490 curri
706 3426 780 3490 laec
817 3446 937 3507 qnoque
969 3424 1118 3490 alimento
1149 3427 1350 3509 defecerant3

189 3526 397 3591 scribendum
428 3525 600 3607 deficerent.
625 3564 668 3574 -
696 3529 761 3592 ibd.
793 3526 808 3610 ἓ
839 3533 877 3592 29
900 3528 925 3590 Ρ
948 3551 996 3611 pr.
1020 3551 1071 3608 m,
1100 3535 1138 3593 ut
1160 3532 1265 3593 ceteri
1290 3551 1349 3596 co-

188 3629 287 3706 dices,
310 3634 453 3709 sctropes
475 3633 622 3709 operiris.

315 3733 345 3795 X
371 3739 396 3810 1,
423 3737 436 3794 l
462 3732 487 3796 P
511 3732 604 3797 Uoss.
629 3740 647 3798 2
670 3734 747 3798 Flor
768 3733 792 3798 O
810 3734 836 3797 E
856 3734 880 3796 F
899 3733 928 3796 H
948 3719 1029 3798 Bud.
1049 3733 1135 3798 Bern
1152 3733 1178 3797 B
1201 3734 1351 3818 quinque

187 3835 279 3899 radic
297 3835 441 3915 peditum
464 3856 533 3899 crim
556 3837 712 3918 equitibus
733 3837 827 3914 mille,
851 3837 907 3900 sed
929 3842 1132 3914 accusatores,
1157 3856 1208 3900 eos
1231 3857 1350 3917 epro-

186 3940 301 4016 oiacio,
326 3939 376 4002 ciri
396 3942 616 4021 praefuerant,
640 3938 857 4020 sequebantur.
910 3941 1010 4003 ceteri
1040 3939 1166 4003 addunt
1188 3938 1240 4002 ‘et’
1264 3950 1351 4023 post

189 4040 280 4120 ‘sed’3
310 4062 424 4104 uerum
454 4042 544 4123 ipsos
568 4042 688 4106 milites
712 4043 832 4106 ducum
860 4050 1069 4108 accusatores
1099 4041 1273 4122 exstitisse,
1305 4067 1351 4110 ex

119 4215 122 4220 ¹
187 4144 315 4208 Arrian.
339 4144 442 4207 Anab.
464 4143 506 4208 VI
530 4149 568 4208 27
593 4151 612 4207 4
636 4151 724 4207 πολλὰ
746 4151 942 4207 ἐπικαλούντων
965 4150 1054 4216 αὐτοῖς
1075 4151 1128 4207 τῶν
1149 4171 1176 4205 τε
1199 4153 1350 4227 ἐγχωρίων

188 4252 233 4308 καὶ
254 4253 299 4322 τῆς
322 4253 447 4328 στρατιᾶς
470 4253 549 4323 αὐτῆς
578 4249 715 4312 scimus:
745 4268 851 4330 neque
879 4248 912 4311 id
940 4250 1057 4313 mirum
1086 4248 1192 4314 uideri
1220 4254 1349 4330 potest,

162 4350 309 4432 ·quippe
344 4370 416 4413 cum
453 4350 502 4413 illi
531 4349 630 4414 duces
660 4357 758 4414 antea
786 4350 1023 4428 Parmenionis,
1059 4351 1151 4415 ducis
1180 4351 1350 4419 militibus

189 4452 359 4530 carissimi,
382 4451 516 4515 caedem
540 4452 762 4517 crudelissime
787 4455 1019 4536 patrauissent.
