3068 5152
734 392 773 451 59

178 576 359 660 exemplum
383 581 420 641 ut
444 574 656 672 pingeretis?
702 577 758 640 ubi
782 576 836 641 ‘nt'
860 577 1003 641 refertur
1032 578 1073 642 ad
1102 577 1144 656 id,
1178 576 1265 659 qnod
1288 599 1327 640 ex

179 678 318 743 ‘mortui'
341 679 491 757 sumitur,
518 679 619 743 ‘uiui‘.
665 678 729 743 Cic.
754 679 852 744 Acad.
877 702 925 762 pr.
949 680 980 743 II
1004 685 1043 744 92
1068 683 1186 745 ‘rerum
1209 687 1328 744 natura

179 781 301 846 nnllam
321 780 416 845 nobis
435 781 526 848 dedit
549 783 767 865 cognitionem
785 782 908 862 finium,
930 790 967 847 ut
985 784 1055 849 ulla
1072 785 1104 848 in
1122 805 1157 846 re
1181 789 1327 847 statuere

178 884 348 968 possimus,
382 883 562 967 quatenus',
597 884 652 949 nbi
680 906 835 969 praesens
865 893 993 968 tempus
1017 895 1090 970 post
1113 885 1327 969 praeteritum

177 986 260 1051 illud
290 987 415 1070 ‘possit’
445 988 532 1071 apud
558 986 705 1052 Curtium
734 995 854 1053 tuetur.
900 988 944 1053 id.
969 988 1009 1053 de
1032 989 1107 1072 Leg.
1133 988 1208 1069 Agr.
1225 987 1264 1050 ἸΙ
1288 992 1327 1051 66

179 1091 249 1154 ‘cur
270 1110 327 1154 eos
356 1110 422 1153 non
450 1090 565 1154 definis
597 1112 702 1175 neque
731 1092 889 1169 nominas,
923 1098 961 1155 ut
995 1091 1112 1156 saitem
1146 1090 1328 1155 deliberare

178 1191 289 1276 plebes
313 1193 460 1257 Romana
482 1193 604 1276 possit'.
650 1192 768 1258 Catuli.
794 1198 842 1274 64,
873 1198 934 1258 137
959 1194 1029 1259 ‘tibi
1053 1194 1141 1259 nulla
1171 1193 1233 1257 fuit
1257 1193 1327 1277 cle-

176 1296 301 1360 mentia
322 1302 465 1378 praesto,
499 1298 612 1361 inmite
635 1304 672 1360 ut
694 1297 799 1362 nostri
822 1296 922 1362 uellet
944 1299 1156 1362 miserescere
1178 1294 1327 1379 pectus?

95 1478 99 1483 Ι
178 1397 248 1462 Liu.
261 1397 371 1462 XXIII
390 1404 417 1475 5,
437 1404 455 1462 5
474 1400 561 1482 ‘quid
585 1401 669 1463 enim
694 1399 788 1464 nobis
811 1400 853 1465 ad
872 1399 1000 1465 Cannas
1023 1401 1174 1465 relictum
1197 1407 1256 1477 est,
1282 1405 1328 1477 ut,

177 1503 255 1586 qnia
287 1501 412 1586 aliquid
447 1502 635 1582 habeamus
671 1503 713 1582 id,
749 1503 836 1586 quod
867 1503 967 1580 deest,
1002 1503 1125 1589 expleri
1159 1502 1200 1566 ab
1229 1503 1326 1567 sociis

176 1602 345 1669 uelimusi’
389 1604 455 1669 ibd.
479 1604 496 1687 ᾗ
522 1611 555 1669 ll
583 1609 655 1670 ‘non
680 1627 752 1670 cum
776 1606 916 1670 Etrusco
941 1614 999 1671 aut
1023 1605 1167 1672 Samnite
1191 1627 1244 1670 res
1268 1610 1327 1684 est,

177 1712 223 1785 ut,
260 1706 348 1790 quod
377 1729 398 1772 a
428 1708 522 1774 nobis
557 1708 704 1773 ablatum
737 1711 790 1787 sit,
824 1710 857 1773 in
887 1709 987 1775 Italia
1017 1717 1127 1775 tamen
1154 1708 1327 1791 imperium

176 1811 327 1876 maneet‘.
372 1811 414 1874 i‘d.
438 1810 544 1875 XXXI
573 1820 600 1891 7,
628 1817 662 1874 ll
690 1814 759 1876 ‘nec
787 1812 956 1877 Tarentini
984 1813 1081 1877 modo
1114 1833 1235 1895 oraque
1269 1811 1329 1875 illa

175 1914 302 1994 Italiae,
344 1935 443 1996 quam
477 1916 632 1980 maiorem
670 1915 840 1980 Graeciam
869 1922 999 1994 uocant,
1033 1924 1069 1980 ut
1101 1915 1256 1997 linguam,
1290 1919 1328 1978 ut

175 2039 293 2083 nomen
318 2022 449 2082 secutos
473 2019 630 2096 crederes,
661 2019 717 2082 sed
741 2019 892 2084 Lucanus
916 2029 950 2083 et
972 2020 1120 2083 Bruttius
1144 2025 1177 2082 et
1201 2016 1327 2082 Samnis

176 2121 218 2186 ab
241 2121 336 2187 nobis
360 2121 565 2186 defecerunt’.
601 2122 682 2186 Plin.
706 2121 824 2206 Paneg.
850 2126 868 2186 7
892 2126 963 2187 ‘non
989 2124 1074 2188 enim
1099 2123 1238 2186 seruulis
1262 2123 1327 2187 tuis

176 2225 351 2303 dominum,
382 2230 419 2289 ut
446 2226 551 2308 possis
574 2247 643 2291 esse
667 2233 841 2291 contentus
871 2227 966 2311 quasi
988 2226 1173 2291 necessario
1197 2225 1327 2305 herede,

176 2327 234 2393 sed
256 2328 437 2411 principem
461 2328 589 2393 ciuibus
614 2329 750 2394 daturus
774 2351 808 2394 es
830 2328 1025 2412 imperator’.
1071 2328 1245 2393 Tacflist.
1259 2328 1274 2391 I
1288 2332 1327 2392 38

177 2432 283 2515 ‘rapta
311 2431 422 2496 statim
454 2453 554 2512 arma,
591 2433 660 2498 sine
684 2453 774 2498 more
798 2439 830 2497 et
854 2433 967 2497 ordine
991 2432 1138 2506 militiae,
1173 2437 1210 2496 ut
1233 2452 1327 2514 prae-

175 2535 326 2600 torianus
350 2540 409 2600 aut
425 2535 624 2617 legionarius
640 2536 822 2617 insignibus
843 2537 909 2601 suis
928 2534 1202 2619 distingueret-ur'.
1238 2533 1327 2617 apud

177 2637 324 2703 Curtium
347 2641 454 2723 ipsum
477 2660 577 2721 snpra
599 2639 663 2702 IIII
689 2644 736 2717 10,
761 2644 800 2703 29
825 2645 897 2705 erat
916 2640 1175 2723 ‘quemtuorum
1198 2639 1326 2723 propie-

176 2762 313 2826 quorum
348 2742 474 2820 necaui,
509 2748 546 2805 ut
578 2742 662 2806 hanc
696 2743 800 2806 uicem
836 2743 990 2807 redderes
1020 2743 1180 2808 saeuitiae
1209 2741 1325 2821 mcae’3

177 2865 374 2930 quamquam
397 2845 443 2909 ibi
467 2867 504 2908 ex
529 2845 716 2909 coniectura
739 2845 923 2910 addebatur
947 2845 1128 2910 ‘redderes’.

307 2953 354 3028 10,
381 2953 415 3013 ll
447 2949 472 3013 P
502 2971 549 3031 pr.
579 2970 620 3012 m.
649 2948 868 3025 euertendam,
903 2947 937 3011 id
972 2954 1022 3012 est
1049 2946 1324 3028 praeuertendum,

176 3052 264 3136 quod
298 3053 395 3116 etiarn
428 3051 515 3136 apud
537 3051 683 3115 Modiurn
713 3057 746 3114 et
774 3050 807 3113 in
831 3050 922 3130 Bud,
959 3051 1017 3114 sed
1049 3052 1083 3114 in
1118 3051 1180 3116 boc
1213 3051 1325 3116 codice
1363 3132 1370 3147 .

175 3156 391 3238 deprecatum
419 3157 452 3219 in
476 3154 716 3239 praepositione
740 3152 1047 3236 (peruertendum'),
1075 3154 1250 3219 inuenitur.
1291 3154 1326 3218 in

81 3308 84 3315 .
175 3259 200 3322 P
222 3265 337 3342 postea
360 3259 380 3342 p
404 3279 506 3341 prope
530 3277 625 3322 eraso
650 3256 794 3322 secunda
818 3277 933 3321 manns
961 3264 1146 3322 ceterorum
1176 3257 1326 3322 codicum

175 3362 230 3426 ‘re’
254 3362 431 3427 substituit.
462 3361 535 3434 ,sed
558 3361 701 3426 ‘reditus’
725 3362 891 3426 notionem
915 3381 1029 3426 sensus
1052 3382 1118 3425 non
1139 3361 1266 3443 recipit,
1292 3366 1326 3425 et

174 3465 467 3559 ‘praeuertendum’
490 3464 571 3529 bene
601 3462 747 3529 defendit
775 3465 880 3546 ipsius
904 3463 1009 3528 Curtii
1032 3464 1124 3529 locus
1148 3464 1208 3528 VII
1233 3468 1260 3542 l,
1284 3467 1323 3528 26

47 3636 50 3641 ,
174 3569 320 3652 ‘proinde
344 3569 385 3633 ad
416 3569 448 3632 id
480 3574 681 3651 praeuertar,
718 3573 853 3650 propter
876 3568 964 3651 quod
987 3568 1035 3632 rei
1058 3567 1187 3632 sumus‘.
1234 3573 1324 3632 utro-

172 3672 272 3755 bique
294 3672 431 3737 uerbum
455 3672 488 3734 in
511 3671 771 3753 transgressione
795 3671 836 3733 ad
860 3670 902 3748 id,
933 3671 1022 3754 quod
1045 3676 1143 3753 caput
1167 3671 1324 3735 orationis

173 3782 231 3853 est,
247 3777 390 3859 positum
411 3773 574 3856 significat
597 3775 718 3837 omissa
742 3773 864 3837 aliare
888 3773 998 3857 aliquo
1023 3774 1130 3856 potius
1152 3775 1247 3837 uerti.
1282 3772 1321 3837 cf.

172 3879 272 3944 etiam
289 3878 333 3942 VI
357 3883 384 3959 6,
404 3882 440 3942 21
470 3878 522 3941 ‘ad
546 3876 781 3941 Satibarzanen
805 3877 1051 3959 opprimendum
1076 3877 1243 3957 praeuerti
1266 3897 1322 3959 op·

171 3983 287 4048 timum
310 3981 421 4048 ratus’.

302 4090 350 4164 10,
374 4088 416 4148 20
445 4085 538 4149 codd.
568 4082 748 4149 Geballiaus
776 4083 845 4163 ipsc
873 4081 942 4147 tolli
971 4083 1009 4145 de
1041 4083 1144 4147 medio
1178 4082 1324 4164 nulloque

170 4188 295 4269 negotio
321 4187 440 4267 potuit.
493 4187 627 4267 denique
654 4191 734 4265 post
766 4185 900 4249 delatum
935 4183 1089 4248 indicium
1123 4186 1325 4265 opperiturus

171 4288 281 4355 mom?
325 4289 444 4374 duplex
478 4289 630 4354 mendum
667 4300 723 4352 est.
769 4309 845 4352 nam
880 4294 913 4352 et
942 4294 1018 4351 ante
1049 4288 1198 4370 ‘opperit
1223 4287 1322 4352 eram'

169 4413 350 4477 pronomen
380 4392 652 4474 interrogatinnm
685 4391 786 4470 deest,
822 4396 855 4454 et
888 4391 920 4453 in
954 4391 1123 4474 superiore
1152 4411 1259 4469 uersu,
1295 4391 1323 4455 si

170 4495 254 4560 leuis
277 4501 446 4561 structura
469 4495 583 4559 futura
606 4498 666 4573 est,
691 4492 775 4577 ‘que'
793 4513 962 4558 remouere
983 4513 1118 4557 necesse
1142 4493 1212 4557 erit.
1248 4492 1324 4557 huic

167 4599 267 4683 igitur
283 4597 406 4683 duplici
425 4597 597 4676 desiderio,
624 4596 651 4659 si
662 4596 743 4682 ‘que'
756 4597 787 4660 in
806 4616 885 4679 quae
900 4602 1061 4660 mutatum
1080 4596 1114 4660 in
1127 4595 1315 4661 inferiorem
