3068 5152
747 347 808 408 98‘
894 296 898 303 Ι

187 531 316 596 duobus
339 537 450 596 autem
472 530 632 612 genetiuis
655 530 761 617 altero
785 530 824 594 de
855 531 959 595 altero
983 531 1203 613 pendentibus
1228 531 1267 596 cl.
1293 531 1344 595 III

190 639 218 712 6,
241 640 260 696 4
284 636 350 716 ‘spe
373 634 562 714 nuptiarum
587 633 710 697 sororis
734 634 825 697 eius’.

316 740 344 814 5,
367 739 407 799 28
429 734 454 797 P
478 739 523 798 tot
543 755 641 817 reque
664 739 718 799 out
738 735 875 814 redditu,
901 734 1015 816 quibus
1039 735 1146 801 eudem
1160 742 1229 802 erut
1250 735 1342 817 bellu,

189 843 244 902 out
273 838 353 901 douo
385 839 469 902 duta.
515 839 616 902 ceteri
638 836 722 901 fere:
753 839 801 900 ‘ea
824 837 1031 919 dempserat',
1063 839 1126 904 soli
1148 840 1235 905 Flor.
1260 841 1287 904 F
1312 840 1344 904 H

187 939 282 1004 Bern.
305 939 332 1002 B
354 946 445 1004 recte
478 959 514 1004 cu
548 941 716 1018 ademerat,
752 940 839 1020 quod
874 941 974 1004 etiam
1005 939 1153 1007 Gertzius
1176 964 1282 1025 nuper
1306 944 1343 1006 in

188 1041 347 1107 Tidslrrift
368 1040 390 1106 f.
412 1041 562 1123 Filologi,
589 1045 669 1105 1878
694 1064 723 1123 p.
749 1046 798 1105 56.

316 1148 349 1222 5,
384 1149 424 1209 29
466 1145 513 1224 (in
549 1144 768 1226 descriptione
813 1165 939 1208 morum
984 1144 1174 1227 Alexandri)
1219 1145 1344 1229 qlorc'ue

186 1249 351 1328 laudisque
384 1252 421 1310 ut
448 1247 533 1310 iusto
563 1248 665 1311 motor
693 1246 815 1326 cupido,
849 1247 895 1311 itu
923 1251 959 1309 ut
985 1248 1097 1311 iuueuc'
1124 1253 1154 1312 et
1181 1248 1218 1312 c'u
1241 1249 1343 1312 toutis
1427 1260 1429 1264 “

187 1372 242 1415 uec
265 1350 437 1414 uruittcudo
459 1347 561 1414 rebus.
585 1350 634 1413 ita
657 1349 803 1432 plerique
826 1349 963 1427 codices,
987 1351 1081 1414 uelut
1103 1351 1140 1430 is,
1164 1351 1221 1433 qui
1244 1350 1343 1414 nobis

186 1453 255 1518 fere
278 1455 382 1517 instar
413 1459 463 1516 est
491 1453 643 1530 omnium,
673 1450 856 1530 Parisinus3
884 1453 982 1534 pauci
1010 1452 1244 1531 ‘admittenda',
1274 1474 1342 1536 quo

187 1564 321 1639 recepto
345 1576 419 1618 oum
440 1556 474 1618 in
497 1554 598 1619 uerbo
621 1553 699 1618 ‘nec’
718 1553 945 1619 emendatione
969 1576 1051 1637 opus
1076 1561 1172 1633 esset,
1197 1555 1343 1619 editores

161 1651 163 1656 ’
188 1658 243 1723 0111
266 1658 332 1723 alia
355 1659 633 1722 coniectauerunt.
662 1657 847 1739 nuperrime
870 1655 1027 1739 Uogelius
1051 1657 1093 1721 ad
1116 1657 1201 1721 Flor.
1215 1655 1342 1722 GBud.

187 1759 400 1826 ‘admiranda’
434 1761 589 1837 decurrit,
624 1779 708 1842 quae
743 1759 928 1824 emendatio
963 1781 1028 1824 non
1056 1759 1161 1825 solum
1189 1761 1222 1823 in
1246 1760 1344 1825 uerbi
1467 1847 1470 1850 ἱ

162 1126 173 1159 l

188 1863 387 1928 ‘amittenda’
411 1869 501 1927 certo
531 1861 744 1926 fundamento
773 1883 838 1927 non
868 1863 1016 1940 struitur,
1044 1862 1102 1926 sed
1129 1863 1163 1925 in
1193 1861 1344 1945 paullum

188 1966 370 2048 deprauato
405 1964 641 2042 ‘admittenda’,
676 1985 790 2028 uerum
820 1964 918 2029 etiam
952 1965 1041 2042 alibi,
1075 1965 1108 2029 in
1139 1967 1186 2028 ‘ut
1207 1965 1343 2046 iuueni’,

188 2068 416 2151 supplemento
462 2074 543 2148 eget.
605 2067 644 2130 de
683 2068 810 2146 integro
855 2068 954 2148 igitur
1000 2067 1162 2148 scriptura
1199 2068 1344 2133 Parisini

189 2170 387 2236 ‘amittenda’
422 2191 559 2235 excussa
591 2170 666 2233 inde
694 2169 756 2233 hoo
785 2191 952 2234 eruamus:
987 2169 1147 2249 euitoudo,
1181 2178 1218 2234 ut
1251 2177 1344 2236 totus

188 2275 276 2338 locus
299 2274 345 2337 sic
364 2272 599 2338 conformetur:
622 2273 669 2335 c'tu
690 2277 727 2335 ut
747 2272 859 2336 iuueuc'
882 2278 911 2335 ct
931 2274 968 2336 iu
990 2273 1091 2338 tuutis
1114 2293 1169 2337 uec
1193 2274 1345 2339 euituudu

187 2377 289 2454 retus,
322 2375 385 2440 hoc
408 2383 472 2440 est:
508 2375 630 2457 gloriae
654 2374 782 2458 cupido,
816 2395 900 2457 quae
929 2375 970 2440 ab
995 2395 1032 2439 eo
1056 2382 1094 2438 ut
1116 2376 1227 2439 iuueni
1251 2381 1285 2440 01
1309 2377 1344 2440 in

189 2479 290 2542 tantis
312 2478 411 2542 rebus
434 2498 474 2540 ne
498 2478 616 2541 euitari
640 2478 773 2559 quidem
795 2483 916 2559 posset.

319 2584 347 2656 5,
372 2583 411 2642 33
438 2578 531 2644 codd.
554 2580 606 2644 dis
624 2598 757 2662 aequore
773 2601 806 2643 sc
823 2585 853 2643 et
870 2580 1014 2644 coelestes
1031 2581 1164 2644 honores
1183 2600 1345 2646 accersere

188 2688 264 2747 cett.
310 2681 430 2748 scribd.
455 2702 591 2747 asserere
614 2704 672 2766 pro
696 2682 893 2747 ‘accersere’.
929 2683 1057 2747 diuinos
1086 2683 1170 2747 enim
1199 2682 1344 2750 honores

189 2785 374 2849 Alexander
396 2806 461 2849 non
484 2785 666 2864 accersiuit‚
688 2806 794 2867 neque
818 2791 897 2865 0101,
921 2785 1007 2849 unde
1025 2786 1094 2869 peti
1112 2792 1256 2868 possent,
1283 2789 1342 2852 sed

175 2882 232 2951 *ab
257 2889 370 2952 amicis
395 2887 608 2961 etmilitibus
639 2888 701 2952 sibi
723 2888 839 2952 haberi
862 2888 1052 2972 postulauit.
1078 2888 1117 2951 cf.
1142 2887 1218 2951 VIII
1244 2894 1270 2968 l,
1301 2897 1343 2955 42

189 2990 296 3070 ‘Iouis
322 3012 419 3074 quem
443 2997 569 3072 patrem
593 2990 653 3056 sibi
676 2990 859 3055 Alexander
881 2990 1061 3056 assereret’.
1087 3024 1124 3036 -
1148 2989 1234 3054 inira
1258 2989 1275 3072 ἓ
1303 2997 1343 3057 37

189 3092 306 3157 scribd.
342 3092 564 3172 adhaeseruut3
597 3099 744 3176 tempore
776 3094 861 3157 enim
884 3094 946 3158 hoc
974 3093 1058 3157 illud
1088 3092 1344 3178 ‘clarissimique

189 3203 265 3260 sunt
287 3195 401 3260 habiti'
424 3195 601 3278 praecedit.

318 3303 346 3375 6,
371 3303 388 3361 3
412 3297 567 3362 mendum
590 3297 739 3362 codicum
761 3300 804 3363 ud
818 3299 962 3379 primum
990 3319 1030 3362 011
1053 3298 1188 3363 dImidia
1210 3305 1344 3364 tantum

189 3407 284 3482 parte
307 3399 415 3464 Lauer
447 3400 501 3465 uel
533 3401 642 3482 potius
671 3401 808 3480 codices,
843 3421 925 3484 quos
953 3400 1007 3465 ille
1037 3407 1169 3466 secutus
1193 3409 1253 3480 est,
1288 3402 1344 3468 hic
1462 3406 1466 3414 ’

189 3500 276 3565 Flor.
300 3503 328 3565 D
351 3503 376 3566 F
401 3502 424 3582 I,
455 3523 526 3566 cum
551 3496 598 3566 ‘ac
620 3503 769 3585 primum’
794 3504 982 3582 scriberent,
1017 3498 1229 3568 sustulerunt.
1264 3527 1343 3570 nam

190 3606 344 3687 quoniam
378 3605 455 3670 huic
488 3606 589 3688 priori
629 3606 786 3671 orationis
819 3606 964 3670 membro
1000 3606 1166 3689 (eiulatui)
1200 3608 1343 3672 alterum

190 3709 390 3772 contrarium
415 3709 607 3789 (silentium)
631 3710 817 3791 opponitur,
850 3730 930 3774 usus
964 3709 1112 3791 postulat
1130 3711 1245 3790 primo,
1279 3710 1344 3776 hoc

191 3815 242 3873 est
268 3811 372 3887 initio,
408 3812 579 3894 principio.
616 3808 654 3875 cf.
691 3806 888 3893 persimilem
911 3813 1019 3876 locum·
1047 3832 1072 3876 c.
1099 3818 1126 3891 5,
1159 3817 1187 3877 7.
1225 3815 1344 3878 eodem

190 3913 286 3976 modo
311 3915 411 3996 supra
433 3913 497 3976 IIII
521 3916 549 3992 8,
576 3919 589 3974 l
611 3915 716 3993 primo
741 3915 949 3979 scribendum
972 3913 1042 3979 luit.

318 4022 345 4092 6,
371 4023 387 4078 9
417 4014 441 4076 Ρ
473 4036 546 4079 cum
570 4015 662 4081 Uoss.
697 4023 711 4079 1
747 4016 836 4081 Leid.
869 4024 883 4079 l
909 4018 956 4098 (in
980 4018 1127 4083 oratione
1149 4017 1342 4101 Perdiccae)

189 4117 318 4182 iuterim
341 4138 359 4182 u
382 4115 552 4201 quibusque
584 4120 652 4199 reqc'
683 4119 803 4198 uelitis,
838 4120 1004 4184 destiuute.
1050 4126 1086 4184 01
1114 4140 1179 4185 non
1208 4140 1343 4204 exspec-

189 4219 285 4285 tabat
307 4220 465 4285 Perdicca
487 4240 633 4301 regnum,
663 4222 719 4285 sed
743 4220 929 4302 affectabat,
959 4229 993 4287 et
1016 4224 1165 4305 quamuis
1195 4222 1344 4289 studium

190 4322 419 4404 dissimularet,
449 4324 478 4387 ei
502 4345 627 4387 summo
652 4345 749 4407 opere
772 4324 973 4390 imminebat.
1009 4324 1218 4390 scribendum
1240 4326 1345 4408 igitur

192 4425 315 4505 erpeteb
337 4432 357 4491 t.
