3068 5152
730 403 790 463 104

298 585 411 640 codices
433 584 523 638 adhuc
542 585 651 652 cogniti
926 585 1016 641 Uatia.
1034 583 1102 654 Reg.
1120 587 1170 639 971

188 697 224 753 21
271 695 423 753 meliores:
437 714 611 772 suppressae
624 700 654 752 et
668 715 761 757 amo-r
815 714 975 773 suppressa
997 696 1061 752 eius
1079 695 1229 754 moderata
1247 715 1338 755 cunc·

230 780 334 837 derata
357 781 499 840 excitauit
520 783 624 839 oratio.
663 780 744 838 Flor.
772 787 817 837 tos
841 781 984 839 excitauit
1006 782 1102 839 oratio

231 865 367 925 GBud.:
402 885 592 955 suppressam
622 867 684 924 eius
706 886 744 925 m.

231 971 255 1010 e.
280 971 306 1009 ο.

189 1038 228 1094 22
272 1036 423 1113 plerique:
476 1056 551 1113 quae
602 1037 746 1110 agitasset
815 1057 890 1113 quae
941 1040 1082 1111 agitasset
1132 1057 1185 1095 rex
1229 1038 1340 1114 exequi

231 1123 336 1199 exequi
365 1122 463 1181 uellet.
508 1122 588 1180 Flor.
615 1122 641 1180 G
669 1122 744 1181 Bud.
772 1123 864 1181 uellet

230 1228 258 1283 q.
282 1228 307 1266 a..
334 1229 387 1266 rex
410 1208 514 1283 exequi
538 1228 565 1265 u.

136 1287 138 1290 ⁴
272 1294 423 1370 plerique:
470 1293 588 1351 eosdem
632 1313 744 1352 rursus.
926 1313 1028 1351 rursus
1053 1293 1168 1352 eosdem

230 1378 304 1437 Bud.
330 1398 433 1437 rursus
456 1379 572 1436 cosdem
881 1409 919 1453 par
1101 1388 1107 1399 ‘

372 1466 563 1540 impetratum
852 1467 995 1542 impetum
1020 1458 1071 1538 (na
1098 1465 1125 1520 2.
1149 1457 1256 1539 antiq.)

191 1552 229 1608 23
274 1551 408 1624 equiturn
430 1556 542 1607 turmas
921 1555 1033 1608 turmas
1056 1551 1189 1624 equitum

188 1654 211 1692 c.
238 1637 265 1707 9,
293 1639 306 1692 l
435 1636 503 1692 fatis
1021 1637 1093 1694 satis

272 1720 423 1796 plerique:
446 1720 640 1780 Macedonum
652 1722 744 1796 genti.
908 1723 988 1794 genti
1011 1720 1202 1778 Macedonum

229 1806 303 1863 Bud.
326 1808 408 1882 genti
431 1805 545 1864 Maced.

383 1893 555 1951 insociabile
801 1886 804 1892 ’
984 1891 1125 1950 sociabile

173 2024 181 2038 .
273 1977 476 2053 expetebatur.
512 1978 567 2036 soli
583 1975 701 2035 Flore
719 1976 747 2032 H
950 1977 1162 2053 expectabatur

231 2063 444 2140 expectabatur

273 2149 424 2225 plerique:
443 2148 607 2225 capiebant.
631 2147 746 2208 Uindo·
981 2149 1139 2223 capiebant

232 2233 299 2291 bon.
324 2240 419 2292 —at

191 2321 221 2377 3·
257 2320 423 2396 plerique:
469 2321 525 2377 cui.
579 2317 746 2379 Uindobon.
1034 2320 1080 2376 cui

231 2425 283 2480 qur

189 2493 208 2549 4
274 2491 361 2547 huius
382 2489 502 2548 hercule
524 2509 584 2548 non
607 2490 677 2548 solis
967 2491 1062 2564 omitt..
1085 2489 1156 2547 solis

191 2580 206 2635 5
274 2577 429 2633 reuirescit
803 2579 921 2652 require
944 2577 999 2634 scit
1023 2569 1111 2650 (corr.
1134 2594 1173 2633 m.
1198 2576 1215 2631 2
1240 2571 1322 2652 ant.)

192 2663 209 2720 6
254 2668 389 2736 tempora
412 2660 542 2718 eiusdem
742 2674 745 2681 '
929 2654 1012 2736 temp
1054 2660 1184 2718 eiusdem

428 2751 508 2804 certe
863 2752 926 2805 arte
951 2741 1039 2821 (corr.
1063 2766 1101 2831 m.
1128 2747 1155 2805 2.
1180 2739 1258 2821 ant.)

192 2834 208 2890 8
275 2832 341 2890 alii:
379 2835 638 2907 conquererentur.
684 2830 748 2887 alii:
912 2852 987 2909 quae
1011 2836 1207 2908 quererentur

232 2938 290 2994 qua
309 2937 391 2994 quer.
411 2918 474 2975 alii:
490 2936 565 2994 quae
585 2936 666 2992 quer.
681 2915 748 2975 alii:
769 2981 773 2988 ¹

232 3006 283 3080 qui
307 3023 387 3081 quer.

192 3093 229 3150 10
274 3095 305 3148 in
329 3110 360 3147 se
976 3092 979 3096 ’
1017 3090 1113 3146 omitt.

193 3177 229 3234 13
275 3195 371 3252 quem.
422 3174 487 3232 sed:
514 3194 587 3250 quae
621 3174 747 3233 Leid.l
875 3193 962 3249 quarn
986 3167 1053 3251 (per
1076 3167 1245 3252 compend.)

232 3260 318 3320 Uoss.
347 3263 360 3318 l
385 3261 465 3319 Flor.
491 3259 513 3318 C

193 3348 230 3404 14
276 3347 432 3422 quicquam
977 3364 1144 3421 quanquam

194 3433 230 3489 16
451 3431 497 3488 ala
918 3430 975 3487 alia
1000 3424 1065 3504 (scd
1088 3432 1099 3487 i
1123 3425 1211 3502 eras.)

277 3517 343 3574 alii:
379 3518 425 3574 sin
458 3519 636 3573 recusantes.
682 3516 749 3572 alii:
948 3516 980 3572 in
1001 3517 1173 3574 resistentes

233 3606 295 3661 sine
319 3607 443 3660 recutes.
479 3601 553 3660 Bud.
572 3599 651 3660 Flor.
673 3600 698 3659 G
720 3603 750 3658 in

232 3691 404 3747 resistentes

193 3776 229 3832 17
276 3774 423 3850 meleagre
447 3779 511 3831 erat
974 3773 1068 3830 omitt.
1093 3777 1156 3829 erat

194 3862 230 3919 19
316 3879 384 3936 quo.
430 3856 559 3917 Uindob.
584 3855 664 3933 quod
1021 3856 1100 3932 qnod

192 3947 230 4004 21
316 3950 347 4002 et
1047 3947 1078 4000 at

274 4031 428 4108 plerique:
461 4029 620 4105 perniciem
657 4046 748 4085 suam.
943 4029 1104 4104 perniciem
1129 4029 1174 4086 sui

232 4117 313 4174 Flor.
338 4115 364 4173 G
386 4115 546 4192 perniciem
570 4115 614 4171 sui

191 4222 214 4260 c.
242 4203 331 4275 10,3
374 4199 576 4279 paphlagonia
972 4198 1150 4275 phalagonia

275 4292 478 4364 praeceptum.
524 4285 576 4342 sed
608 4283 688 4344 Flor.
723 4284 749 4343 G
819 4289 1027 4362 praeceptum
1064 4283 1116 4341 scd
1151 4301 1207 4359 que
1238 4281 1343 4344 addid.

232 4373 307 4431 Bud.
330 4372 416 4432 Uoss.
442 4373 474 4429 2:
499 4375 749 4448 praeceptumque
777 4391 814 4427 m.
841 4371 867 4427 2.
893 4371 985 4446 antiq.

274 4462 461 4534 trapezunta.
526 4455 578 4515 sed
611 4456 693 4514 Laid.
732 4458 745 4514 l
972 4456 1145 4531 trapeiunta

232 4542 317 4603 Uoss.
344 4544 358 4600 l
383 4542 471 4603 Uind.
490 4572 526 4582 -
546 4545 640 4600 iunta.
674 4543 748 4601 Bud.

233 4657 275 4668 -
299 4630 400 4686 iuncta
