3068 5152
749 386 785 445 51

189 569 309 634 ucllct’.
344 570 516 635 Parmenio
538 569 625 633 enim
642 589 709 647 non
726 570 877 653 asperius
895 588 993 652 quam
1011 586 1068 633 rex
1086 566 1195 648 uellet,
1219 567 1339 650 quippe

190 693 261 736 cum
274 671 459 738 Alexander
476 673 546 754 ipse
564 672 597 735 in
616 693 692 736 cum
708 672 859 737 inuectus
883 677 970 736 esset
992 689 1097 753 neque
1119 669 1153 733 id
1175 670 1338 734 immerito

190 781 247 839 aut
269 780 339 839 tam
361 776 582 853 uehementer,
617 781 655 838 ut
690 775 759 839 eius
789 774 982 839 acerbitatis
1005 774 1071 836 iam
1093 791 1205 853 regem
1226 773 1339 855 poeni·

190 882 259 941 tere
282 885 402 961 posset,
431 899 536 961 nuper
564 878 743 960 increpitus
772 884 850 957 erat,
885 876 942 944 sed
970 875 1086 952 acrius,
1120 875 1155 939 id
1185 881 1236 940 est
1264 874 1339 940 sub·

190 981 319 1045 acriter.
343 981 488 1046 -item
513 979 587 1044 VIII
611 983 659 1057 14,
684 984 725 1043 20
748 980 841 1045 codd.
867 1000 939 1062 erpo
961 983 1065 1059 spreto
1087 978 1173 1060 repis
1195 977 1338 1063 imperia,

190 1084 276 1165 quod
301 1086 368 1166 fere
396 1083 445 1164 fit,
477 1081 532 1148 ubi
560 1081 694 1148 turbatis
725 1083 832 1147 auius
854 1088 958 1147 metus
980 1101 1073 1164 quam
1097 1083 1163 1146 dua
1184 1081 1341 1161 imperare

190 1187 298 1268 coepit.
344 1208 409 1251 non
432 1192 509 1270 apte
532 1185 669 1250 uerbum
688 1185 814 1250 ‘acrius'
831 1208 903 1251 cum
924 1183 1104 1268 ‘imperare’
1123 1185 1339 1265 coniungitur.

189 1310 265 1354 nam
288 1289 428 1355 ‘acriter'
450 1290 613 1372 imperare
632 1289 778 1354 ‘intente’
795 1290 849 1354 uel
868 1289 980 1354 ‘enixe'
998 1287 1183 1371 significare
1204 1308 1340 1353 necesse

191 1399 249 1473 est,
282 1393 316 1457 in
350 1392 536 1457 discrimine
568 1397 680 1456 autem
709 1400 741 1456 et
768 1392 869 1457 turba
895 1413 960 1457 non
989 1392 1096 1456 minus
1124 1392 1216 1456 enixe
1240 1412 1339 1474 quam

191 1517 264 1560 cum
287 1495 467 1560 secundum
490 1494 650 1576 proelium
674 1501 733 1572 est,
763 1495 829 1560 dux
856 1497 1006 1578 imperat,
1039 1515 1146 1578 neque
1172 1493 1235 1558 hoc
1256 1493 1338 1573 loco,

191 1620 257 1682 qua
285 1599 466 1663 intentione
497 1597 562 1661 dux
592 1603 625 1661 et
653 1596 793 1662 formido
826 1599 999 1682 imperium
1033 1602 1218 1676 exerceant,
1253 1617 1340 1660 com-

191 1707 337 1785 paratur,
371 1701 429 1766 sed
462 1702 529 1765 utri
556 1701 631 1783 plus
659 1700 691 1764 in
722 1707 849 1766 mentes
872 1701 1040 1785 potentiae
1063 1701 1114 1765 sit.
1158 1701 1271 1783 itaque.
1294 1701 1341 1764 sic

191 1805 301 1886 potius
335 1802 623 1887 exspectabamus:
657 1803 723 1868 ‘ubi
745 1804 888 1870 turbatis
917 1803 1056 1869 formido
1086 1804 1212 1885 magis
1240 1822 1339 1886 quam

192 1907 256 1972 dux
282 1908 445 1991 imperare
480 1907 606 1989 coepit'.
652 1927 851 1990 quamquam
885 1928 991 1990 neque
1024 1907 1073 1970 ita
1105 1926 1210 1989 neque
1244 1904 1341 1968 aliter

190 2010 329 2075 uerbum
351 2009 478 2075 ‘acrius'
504 2015 632 2073 mutare
655 2010 688 2073 in
712 2011 821 2075 animo
845 2017 909 2091 est,
943 2016 1032 2075 recte
1056 2011 1142 2075 enim
1166 2030 1239 2073 cum
1263 2009 1341 2071 ‘tur-

192 2113 289 2179 batis'
313 2115 538 2194 coniungetur,
572 2112 670 2178 modo
702 2121 929 2196 expungantur
951 2113 1055 2179 uerba
1078 2114 1186 2196 ‘quam
1210 2111 1283 2176 dux’
1307 2117 1341 2175 et

193 2224 270 2283 ante
299 2216 424 2282 ‘metus’
453 2217 595 2281 addatur
627 2216 792 2281 meatibus.
838 2217 930 2281 uelut
957 2218 1042 2281 ‘acer
1071 2214 1186 2280 metus’
1209 2215 1340 2297 saepius

192 2321 356 2401 Uergilius
391 2320 482 2383 dixit.
508 2355 547 2365 -
577 2319 692 2385 ecdem
725 2320 822 2385 modo
845 2320 923 2385 VIII
948 2324 997 2397 14,
1029 2323 1069 2383 45
1103 2338 1177 2382 moa
1210 2317 1342 2383 donauit

192 2424 344 2504 ampliore
365 2444 461 2504 raquo
484 2443 577 2505 aarum
600 2422 701 2488 tenuit
722 2422 862 2488 alterum
887 2423 1141 2507 comparationis
1159 2421 1340 2486 membrum

192 2531 302 2609 ‘quam
319 2527 434 2591 tenuit'
447 2526 627 2591 tollendum
648 2532 712 2607 est;
735 2548 810 2590 nam
833 2528 861 2591 si
879 2526 967 2610 quod
980 2524 1131 2590 Curtium
1148 2524 1339 2601 addidisset,

192 2629 347 2695 ‘tenebat’
381 2630 570 2714 scripsisset
610 2629 663 2694 uel
703 2631 813 2713 potius
849 2628 1027 2694 tenuerat.
1094 2626 1220 2711 proelio
1255 2627 1340 2692 enim

191 2734 299 2797 uictus
328 2740 361 2797 et
388 2739 504 2816 captus
527 2732 629 2797 Porus
653 2753 692 2796 ea
713 2734 787 2815 ipsa
807 2753 844 2797 re
865 2754 1000 2815 regnum
1023 2732 1187 2796 amiserat.
1211 2765 1253 2817 ··.
1274 2731 1345 2794 iam

193 2834 286 2899 VIIII
309 2840 337 2914 2,
365 2840 412 2912 14,
436 2834 493 2899 ubi
516 2855 602 2899 nunc
626 2842 677 2899 est
698 2840 808 2900 austra
837 2855 959 2917 quoque
989 2834 1102 2917 cloria,
1136 2853 1205 2898 cum
1232 2833 1276 2897 sil
1303 2853 1341 2898 ea

192 2938 306 3019 solida,
327 2939 404 3020 plus
427 2942 530 3002 tarueu
547 2935 637 3002 babet
654 2939 793 3002 uaruiua's
812 2957 906 3020 queam
924 2938 1040 3017 operis,
1063 2936 1245 3002 omittenda
1263 2942 1341 3001 sunt

157 3098 163 3109 ,
194 3044 302 3125 ‘quam
326 3041 454 3126 operis',
500 3042 608 3124 operis
632 3042 716 3105 enim
741 3041 844 3122 gloria
871 3040 952 3104 nihil
980 3039 1090 3117 habet,
1125 3039 1184 3104 sed
1217 3038 1340 3103 laboris

194 3166 291 3229 saepe
319 3146 458 3210 multum
493 3150 526 3209 et
559 3165 686 3228 operae,
722 3166 787 3227 quo
815 3149 927 3208 tamen
962 3142 1064 3208 uerbo
1100 3161 1171 3206 cum
1211 3141 1273 3206 hac
1307 3142 1341 3206 ui

194 3248 327 3314 Curtius
360 3270 424 3314 non
458 3248 572 3327 utitur,
607 3269 647 3312 ne
676 3249 750 3331 quis
777 3247 812 3312 id
839 3246 902 3311 boc
930 3246 1004 3312 loco
1032 3252 1226 3328 usurpatum
1249 3245 1341 3309 uelit.
1456 3253 1457 3257 ’

194 3353 311 3419 deinde
344 3353 449 3435 gloria
482 3351 698 3416 Macedonum
737 3352 803 3415 iam
841 3350 962 3415 famam
1001 3355 1045 3430 et·
1067 3371 1184 3414 nomen
1219 3350 1342 3433 adepta

193 3457 340 3523 laborem
373 3455 547 3533 habuerat,
581 3475 687 3538 neque
721 3455 761 3519 de
794 3454 893 3520 laude
928 3455 992 3519 iam
1020 3458 1118 3536 parta
1147 3458 1262 3537 aptum
1290 3458 1342 3517 est

194 3581 349 3644 praesens
371 3568 510 3642 tempus.
556 3558 613 3622 scd
635 3559 876 3641 praetermissis
900 3557 1027 3622 duobus
1049 3557 1162 3622 uerbis
1190 3563 1279 3620 recte
1308 3560 1343 3620 ct

160 3710 162 3713 -
194 3662 291 3727 facilc
326 3660 523 3727 subauditur
558 3662 666 3744 ‘quam
700 3661 817 3726 solidi’.
849 3691 891 3704 —
920 3668 1086 3744 postremo
1119 3658 1214 3725 VIIII
1247 3663 1275 3735 4,
1301 3661 1340 3722 30

194 3765 298 3830 uerba
313 3785 370 3830 uec
389 3765 510 3830 diutius
529 3785 624 3847 quara
640 3765 804 3843 respoudit
813 3767 955 3828 moratus
972 3784 1035 3828 non
1053 3762 1096 3842 id,
1120 3761 1208 3845 quod
1226 3781 1340 3826 sensus

194 3866 337 3950 flagitat:
369 3871 439 3932 ‘nec
473 3868 597 3932 diutius
626 3888 724 3949 quam
754 3867 831 3931 dum
858 3865 1035 3949 respondet
1061 3862 1218 3929 moratus'
1242 3863 1342 3945 signi·

193 3970 302 4052 licant,
326 3971 385 4036 scd
408 3971 442 4035 id
466 3970 555 4053 quod
577 3969 619 4034 ab
643 3969 741 4034 huius
763 3970 830 4035 loci
853 3990 949 4050 sensu
973 3968 1115 4033 alienum
1139 3972 1200 4048 est,
1228 3968 1341 4047 ‘aeque

194 4074 340 4139 breuiter
362 4079 510 4139 moratus
540 4093 638 4155 quam
665 4072 852 4157 respondit’.
908 4073 1020 4154 itaque
1049 4069 1213 4135 simillime
1241 4074 1342 4152 atquc

195 4197 296 4260 supra
319 4176 372 4241 hic
395 4175 577 4241 omittenda
600 4176 706 4259 ‘quam
730 4174 911 4259 respondit’
934 4193 1059 4239 censeo.

323 4283 351 4359 6,
376 4284 395 4342 2
424 4280 517 4344 codd.
543 4278 755 4360 (Alexander)
782 4277 913 4358 patrios
944 4295 1047 4342 mares
1080 4274 1343 4357 disciplinamque

195 4383 406 4448 Macedonum
439 4402 550 4465 rapum
577 4381 748 4446 salubriter
777 4385 978 4460 temperatam
1005 4384 1034 4443 et
1055 4378 1180 4444 ciuilem
1201 4377 1343 4442 habitum
1408 4390 1410 4394 ·

196 4487 285 4552 uelut
303 4486 424 4552 leuiora
434 4485 653 4569 mapuiluala'ue
664 4504 725 4549 sua
736 4485 854 4548 ducens
867 4483 1012 4548 Persicae
1022 4483 1129 4565 reciae
1137 4500 1203 4560 par
1214 4481 1344 4546 deorum

191 4591 354 4671 potentiae
370 4590 538 4672 fastigium
555 4587 779 4653 aemulabatur.
813 4586 895 4651 baec
911 4587 944 4650 in
957 4584 1177 4650 Alexandrum
1190 4583 1344 4649 dicuutur

1078 4685 1112 4740 4*
