3068 5152
740 384 780 444 92

188 568 362 631 nuntiatur
396 567 578 645 discrimen,
613 568 810 650 quaerimus,
843 568 908 631 iam
942 566 1024 630 haec
1059 568 1177 646 omnia,
1212 567 1350 649 opinor,

188 677 278 734 recte
303 671 554 750 coniunguntur:
578 675 666 734 113133
688 690 814 734 mouere
836 689 906 734 eum
929 670 1036 748 coepit,
1058 669 1094 732 ui
1110 670 1273 733 omitteret
1289 674 1352 734 3111

181 777 269 836 ‘certe
292 771 437 850 differret
455 772 658 849 obsidionem,
681 775 768 836 31133
787 773 856 836 etus
867 771 1048 852 periurium
1065 771 1198 836 33131111.
1236 771 1349 836 ‘omit-

188 876 281 938 teret’
306 884 339 937 et
363 873 415 938 ‘ni’
438 877 503 938 iam
527 875 583 938 alii
606 877 808 938 inuenerant.
834 908 871 920 -
894 880 1001 939 restat
1018 874 1171 938 mendum
1194 875 1229 937 in
1254 874 1350 955 prin·

190 979 273 1060 cipio
309 978 551 1053 enuntiationis,
585 977 642 1040 ubi
675 976 870 1041 ‘admouere'
911 981 1026 1040 contra
1059 997 1155 1040 usum
1189 976 1350 1041 absolute

189 1079 325 1160 dicitur3
348 1082 459 1162 itaque
478 1080 614 1144 uerbum
637 1079 742 1144 333133
761 1080 921 1143 excidisse
944 1078 1084 1155 uidetur,
1109 1078 1148 1142 cf.
1169 1077 1186 1160 ᾖ
1204 1083 1247 1142 30
1273 1080 1349 1144 ‘nec

188 1182 310 1247 diutius
336 1189 482 1247 moratus
507 1182 675 1246 admoueri
699 1183 803 1246 scalas
827 1181 938 1245 iubet’.

319 1291 346 1363 5,
372 1290 407 1347 11
429 1275 533 1348 codd(
557 1284 693 1349 31113313
716 1305 871 1348 mucrone.
907 1283 950 1347 ad
970 1304 1052 1365 quae
1070 1283 1240 1348 Acidalius
1259 1284 1348 1348 haee

189 1387 340 1452 adnotat:
366 1389 558 1451 ‘rectissime
580 1386 757 1452 ί33113311.
803 1408 844 1451 an
868 1387 1001 1451 damnes
1024 1392 1144 1464 tamen,
1168 1387 1259 1469 quod
1282 1387 1349 1451 ali-

189 1490 263 1554 cubi
287 1491 418 1554 memini
441 1490 562 1566 uidere,
587 1489 760 1554 subl-ector
790 1524 832 1535 -
861 1489 1105 1553 Freinshemius
1134 1489 1254 1552 deinde
1276 1490 1347 1554 ita:

188 1604 258 1676 ‘ego
282 1614 412 1676 quoque
436 1592 634 1669 diuinabam,
663 1590 812 1668 33113313,
844 1592 977 1656 adiutus
1005 1613 1069 1654 non
1093 1590 1237 1655 absimili
1267 1593 1348 1657 loeo

190 1695 287 1797 Statii
310 1694 469 1758 Thebaid.
494 1695 540 1758 XI
563 1700 624 1759 563

274 1856 374 1932 utque
391 1870 497 1930 super
519 1855 661 1913 stantem
684 1871 886 1933 pronumque
909 1849 942 1911 in
966 1857 1097 1931 pectore
1122 1849 1234 1927 sensit,

275 1953 370 2033 erigit
393 1952 520 2015 occulte
544 1951 685 2016 ferrum’

187 2108 270 2171 haec
300 2106 348 2170 illi
371 2106 539 2169 hactenus.
590 2127 650 2168 nos
679 2126 738 2188 pro
767 2107 924 2170 inusitato
955 2106 1111 2170 ‘subicere
1140 2107 1349 2170 mucronem’

187 2209 268 2273 illud
291 2209 453 2289 subripere
475 2209 682 2290 recipiamus.
718 2230 792 2272 nam
817 2216 850 2272 et
873 2210 913 2272 de
937 2208 1051 2272 eadem
1074 2229 1108 2271 re
1132 2208 1228 2272 Diod.
1244 2208 1348 2274 Sicul.

186 2312 278 2375 XVII
291 2317 330 2376 99
344 2312 427 2375 dixit
446 2311 596 2375 similiter
615 2314 746 2388 ‘diuiduas
765 2318 796 2391 τῇ
816 2310 919 2394 111γὸνῖ
937 2317 970 2375 et
989 2310 1074 2374 Liuii
1092 2311 1156 2375 duo
1174 2318 1252 2374 Sunt
1268 2312 1349 2391 loci,

189 2416 245 2498 qui
266 2415 342 2478 huic
363 2416 546 2495 scripturae
564 2415 740 2478 admodum
752 2415 877 2478 fauent:
899 2414 958 2477 VII
970 2413 1042 2477 libr.
1058 2418 1106 2489 10,
1122 2417 1169 2491 10,
1186 2414 1220 2476 in
1234 2420 1350 2479 certa-
1385 2419 1387 2424 ’

189 2518 273 2580 mine
287 2517 400 2580 Manlii
413 2517 570 2599 Torquati
589 2519 764 2581 ‘Romanus
784 2538 938 2582 mucrone
961 2517 1113 2581 subrecto
1130 2551 1171 2560 —
1189 2523 1350 2582 uentrem
1450 2541 1454 2548 ·

187 2628 286 2702 atque
310 2621 443 2699 inguina
465 2617 596 2699 hausit’,
621 2629 654 2684 et
672 2620 748 2683 VIII
768 2624 797 2696 8,
824 2625 862 2682 10
886 2619 1010 2683 ‘hastas
1031 2620 1184 2684 subrecta
1201 2621 1351 2703 cuspide

188 2724 221 2786 in
246 2730 335 2785 terra
357 2721 458 2786 fixas'.
494 2723 611 2805 quibus
635 2724 713 2787 addi
736 2730 846 2806 potest
871 2721 1002 2786 Sueton.
1023 2721 1133 2786 Uitell.
1160 2726 1197 2785 17
1219 2725 1349 2788 ‘mento

188 2846 343 2890 mucrone
367 2826 467 2904 gladii
490 2826 661 2889 subrecto’.

320 2936 347 3003 5,
374 2934 411 2992 15
435 2929 549 3010 uolgo:
578 2927 757 2992 3311111113
782 2929 926 2993 Timaeus
957 2934 986 2992 rt
1005 2928 1119 3007 paullo
1139 2927 1350 3007 133311333-

187 3037 290 3108 113133,
315 3031 585 3096 131311131311113
606 3034 806 3112 superuenit,
829 3031 998 3114 inquibus
1022 3030 1131 3094 ‘subit’
1149 3025 1350 3113 corruptum

189 3144 254 3213 est,
278 3155 352 3197 nam
376 3134 496 3197 ‘subire
515 3135 634 3198 muros'
654 3142 747 3197 —et
769 3133 831 3197 hoc
848 3134 984 3197 uerbum
1003 3133 1130 3199 ‘muros’
1148 3133 1350 3214 intellegere

188 3257 322 3299 necesse
346 3243 396 3300 est
418 3272 469 3313 —,
500 3257 564 3310 non
595 3237 753 3300 scandere
775 3224 915 3314 moenia,
946 3237 1003 3300 sed
1031 3237 1135 3300 adea
1164 3237 1349 3302 succedere

190 3337 362 3419 significat.
408 3345 477 3402 tum
501 3346 620 3411 autem,
646 3360 717 3403 curn
740 3339 789 3413 illi
811 3339 996 3403 Alexandro
1021 3339 1247 3418 subuenirent,
1276 3341 1367 3416 iam,

188 3440 316 3523 pridem
334 3440 531 3506 Macedones
553 3444 654 3505 muris
678 3445 994 3526 appropinquarant.
1030 3443 1074 3506 Α1
1095 3441 1120 3505 P
1144 3441 1232 3505 Mod.
1253 3442 1278 3505 F
1281 3443 1347 3509 lor.

189 3542 321 3608 GBud.
346 3565 405 3626 pro
430 3543 529 3608 ‘subit
550 3544 635 3608 inde'
657 3542 797 3621 31111313,
828 3547 862 3609 id
887 3553 935 3609 331
963 3546 1074 3610 statim
1097 3550 1224 3628 postea,
1256 3566 1349 3627 quae

188 3648 280 3712 uerbi
304 3649 363 3725 uis,
389 3668 461 3710 cum
490 3647 680 3728 plerumque
709 3647 908 3729 ι3331131131,
939 3647 1138 3712 ‘identidem’
1168 3647 1347 3728 significet,

188 3750 276 3833 apud
306 3748 453 3813 Curtium
489 3751 587 3813 etiam
615 3749 675 3812 VII
710 3754 737 3828 7,
774 3756 813 3813 30
847 3757 938 3815 certa
972 3757 1031 3814 est.
1082 3752 1147 3815 iam
1178 3749 1218 3813 de
1254 3749 1348 3816 ‘huic

188 3853 394 3937 superuenit’,
427 3853 500 3920 hoc,
519 3860 569 3916 est
599 3860 673 3935 post
700 3853 788 3917 hunc
811 3855 903 3917 uenit
933 3855 1026 3936 eique
1050 3874 1085 3917 se
1108 3851 1268 3930 adiunxit,
1302 3852 1346 3918 cf.

189 3956 326 4021 similem
350 3955 444 4018 uerbi
467 3976 562 4018 usum
586 3976 637 4038 ap.
664 3955 734 4019 Liu.
748 3955 855 4019 XXXI
874 3961 922 4034 21,
946 3942 968 4019 Ὶ8
992 3958 1266 4039 ‘superuenerunt
1291 3956 1347 4022 his

187 4066 255 4124 tres
280 4058 427 4121 Rhodiae
452 4057 693 4139 quadriremes’.

317 4166 344 4235 5,
378 4165 415 4223 16
446 4159 470 4221 Ρ
500 4180 569 4223 cum
597 4159 710 4239 331133
742 4162 905 4239 Timacum
938 4163 1038 4225 ceteri
1067 4160 1259 4243 ‘exquibus
1285 4161 1347 4239 T.’,
1418 4218 1421 4224 .

188 4270 287 4348 atque
312 4272 368 4329 aut
392 4263 454 4326 hoo
483 4271 541 4325 aut
565 4263 668 4326 simile
698 4265 824 4348 aliquid
855 4287 970 4328 sensus
992 4262 1131 4346 flagitat.
1178 4263 1236 4327 sed
1260 4262 1347 4329 Cur·-

187 4369 252 4431 tius
277 4389 403 4449 semper
433 4401 475 4410 -
498 4366 657 4429 tredecim
682 4388 740 4446 ego
764 4367 855 4431 locos
879 4368 1012 4431 enotaui
1034 4401 1076 4411 -
1099 4372 1175 4431 ante
1199 4366 1347 4449 ‘quibus’

187 4469 327 4535 formam
361 4471 407 4549 ‘e',
442 4490 508 4533 non
543 4468 600 4532 ‘ex’
631 4476 777 4551 usurpat.
829 4469 886 4533 sed
921 4472 1075 4553 quoniam
1110 4469 1146 4534 ‘e'
1175 4490 1248 4533 cum
1284 4471 1347 4539 illo
