3068 5152
751 341 770 399 8

272 525 316 589 At
344 525 430 590 enim
459 524 487 589 si
515 522 641 589 duobus
667 525 750 591 locis
778 525 843 590 alic
867 525 979 591 codice
1008 525 1235 591 emendatores
1258 548 1333 590 usos

188 651 257 696 esse
291 633 430 707 constat,
464 627 565 692 etiam
588 648 670 710 quas
700 628 781 693 alibi
809 628 991 712 scripturas
1021 634 1224 713 receperunt,
1257 628 1334 692 inde

187 732 365 817 sumpsisse
394 750 449 796 eos
473 729 544 794 ueri
571 729 677 795 simile
705 729 751 809 fit,
784 751 844 796 nec
866 732 933 796 iam
951 731 1043 796 solus
1066 733 1199 796 criticae
1222 752 1335 796 recen-

188 835 290 901 sionis
313 833 386 900 fons
408 833 433 898 P
457 853 528 897 esse
550 837 669 916 potest.
714 837 751 897 ut
777 832 840 898 hoc
867 854 982 898 uerum
1017 839 1075 914 est,
1111 838 1159 900 ita
1192 855 1232 899 ne
1261 833 1334 917 plus

188 938 276 1002 iusto
294 936 374 1001 fidei
390 935 627 1001 recentioribus
646 934 814 1000 codicibus
832 935 1007 1016 tribuatur,
1032 958 1096 1001 non
1115 937 1220 1001 solum
1233 937 1336 1001 multa

187 1041 277 1125 ipsos
301 1037 529 1104 emendatores
552 1059 654 1122 praue
674 1044 819 1103 mutasse
837 1044 987 1104 constare
1006 1060 1132 1119 moneo,
1157 1039 1213 1105 sed
1237 1040 1336 1105 etiam

187 1142 301 1222 multa,
335 1164 419 1225 quae
443 1163 482 1206 ex
504 1139 653 1206 adhibito
677 1141 789 1206 codice
812 1141 932 1223 corrigi
955 1143 1149 1226 potuissent,
1174 1149 1337 1226 utsupra

189 1245 266 1324 dixi,
289 1244 478 1328 reliquisso;
507 1243 646 1328 denique
670 1245 697 1310 si
720 1264 784 1309 non
806 1245 1013 1324 recensionis,
1037 1252 1073 1309 at
1095 1244 1334 1310 emendationis

188 1349 213 1412 P
236 1369 330 1414 omne
353 1348 420 1414 fere
448 1347 696 1414 fundamentum
723 1367 803 1412 esse.
848 1368 990 1430 namque
1017 1347 1074 1412 ubi
1103 1349 1136 1412 in
1163 1349 1336 1431 utriusque

189 1451 315 1533 generis
348 1450 452 1529 libris,
466 1437 470 1445 ¹
486 1458 519 1515 et
553 1451 608 1534 qui
637 1471 657 1515 a
679 1449 704 1513 P
734 1450 798 1515 orti
827 1455 926 1537 erant
951 1455 984 1514 et
1013 1452 1067 1532 qui
1092 1448 1156 1516 alio
1180 1450 1337 1532 originem

188 1551 386 1634 referebant,
421 1553 539 1619 menda
567 1559 647 1633 erat,
665 1551 819 1618 *alteram
842 1552 1057 1635 deprauatam
1081 1553 1288 1636 scripturam,
1319 1574 1338 1617 a

188 1654 213 1719 P
236 1655 487 1740 discrepantem,
518 1662 607 1721 certe
636 1676 711 1720 raro
740 1656 789 1720 illi
812 1656 918 1720 critici
940 1655 1186 1740 adscripserunt
1206 1676 1337 1739 recepe-

188 1765 339 1842 runtque.
386 1764 419 1825 et
441 1779 618 1841 numquam
641 1757 774 1844 quidem
802 1758 836 1822 in
858 1758 1062 1842 Zumptianis
1090 1759 1183 1824 libris
1212 1758 1336 1823 factum

189 1883 261 1927 esse
283 1897 327 1906 -
349 1861 389 1928 de
413 1865 431 1926 2
455 1862 562 1928 classe
584 1868 701 1946 postea
722 1861 837 1927 uidero
859 1897 901 1908 -
923 1861 1021 1946 plane
1052 1861 1210 1927 affirmari
1241 1883 1336 1943 posse

189 1963 340 2030 arbitror.
391 1966 424 2030 in
455 1965 573 2048 quibus
602 1965 630 2030 si
658 1965 732 2049 quis
759 1965 868 2048 potius
896 1985 997 2050 quam
1024 1965 1058 2029 in
1085 1965 1110 2028 P
1141 1966 1337 2048 principium

189 2066 384 2133 emendandi
407 2075 553 2152 quaeret,
574 2069 608 2132 in
629 2067 747 2133 falsam
770 2067 954 2152 corrigendi
976 2068 1074 2148 uiam,
1103 2088 1168 2150 qua
1190 2067 1272 2132 nihil
1295 2069 1339 2132 sit

177 2159 386 2254 'magnopere
415 2171 629 2255 profecturus,
664 2171 834 2254 delapsum
859 2192 894 2236 se
918 2160 987 2236 esse
1011 2192 1085 2236 mox
1109 2171 1237 2236 sentiet.
1282 2176 1340 2235 aut

188 2274 274 2338 enim
292 2274 373 2338 nihil
390 2276 470 2340 certi
488 2274 608 2341 efficiet
625 2280 685 2340 aut
704 2275 731 2339 si
751 2273 831 2357 quid
851 2275 922 2339 ueri
940 2274 1130 2339 coniectura
1147 2275 1339 2357 reppererit,

188 2377 312 2442 maiore
346 2398 419 2442 cum
451 2377 564 2443 labore
598 2384 631 2442 et
664 2377 760 2463 quasi
788 2397 859 2460 per
879 2377 1052 2441 circuitum
1076 2398 1114 2442 eo
1137 2378 1338 2461 peruenerit3

189 2480 311 2565 quippe
346 2502 475 2564 semper
506 2481 531 2544 P
560 2501 580 2545 a
606 2502 687 2546 uero
721 2480 857 2564 propius
887 2480 993 2545 abest.
1039 2481 1118 2562 quid
1148 2480 1256 2546 enim?
1300 2502 1339 2544 ex

189 2585 275 2648 omni
299 2583 594 2666 discrepantiarum
617 2584 714 2667 copia
735 2603 835 2672 unam
856 2584 943 2662 noui,
967 2583 1058 2648 cuius
1081 2583 1147 2648 alia
1164 2584 1249 2648 ratio
1268 2605 1339 2648 esse

188 2687 348 2751 uideatur.
395 2686 453 2752 sed
475 2687 607 2751 uidetur
629 2691 775 2766 tantum,
799 2707 874 2750 nam
897 2685 962 2750 IIII
987 2690 1035 2766 12,
1058 2692 1087 2767 4,
1111 2685 1179 2767 ubi,
1201 2687 1229 2751 si
1251 2693 1338 2753 recte

189 2788 431 2854 Freinshemius
456 2789 652 2871 emendauit,
681 2788 813 2854 Curtius
835 2809 905 2854 cum
928 2788 1002 2854 citis
1025 2789 1183 2872 equitibus
1208 2790 1340 2872 scripsit

188 2892 221 2956 in
243 2890 269 2955 P
292 2899 402 2957 autem
431 2913 500 2958 cora
522 2893 620 2976 scytis
643 2915 667 2958 c.
691 2898 749 2972 est,
784 2893 817 2957 in
840 2891 1045 2975 Zumptianis
1074 2912 1142 2957 cum
1170 2892 1270 2969 scitis,
1305 2892 1339 2955 hi

188 2996 221 3059 in
244 2995 414 3078 uulgatum
436 2995 576 3062 formam
598 3016 716 3062 nomen
733 2995 939 3079 redegerunt,
972 3016 1056 3079 quae
1079 2996 1113 3060 in
1135 2994 1186 3061 his
1209 3017 1338 3079 quoque

189 3097 408 3165 deterioribus
431 3098 526 3166 libris
550 3106 601 3165 est
623 3099 721 3165 scitae
743 3120 767 3164 a
790 3098 917 3165 sarthae.

273 3200 364 3266 Haec
387 3223 471 3285 quae
493 3202 534 3268 de
557 3204 693 3285 integris
717 3201 885 3267 codicibus
908 3201 985 3280 dixi,
1014 3201 1158 3266 omnium
1181 3201 1338 3282 originem

188 3304 232 3370 ad
254 3304 279 3367 P
302 3303 506 3370 referendam
535 3326 617 3384 esse,
645 3305 745 3371 etiam
775 3303 817 3368 ad
846 3303 1031 3387 fragmenta
1058 3303 1283 3371 Einsiedlense
1306 3311 1340 3370 et

188 3408 453 3490 Rhenaugiensia
474 3408 649 3491 portinent,
672 3428 756 3490 quae
779 3407 849 3472 sola
871 3407 996 3477 maiora
1014 3427 1088 3471 cum
1106 3407 1130 3470 P
1148 3428 1338 3491 comparare

188 3511 280 3592 licet;
304 3533 379 3577 nam
398 3511 670 3579 Uindobonenses
690 3504 841 3588 schedae,
864 3531 949 3594 quae
971 3532 1037 3576 non
1056 3511 1212 3576 minorem
1233 3509 1338 3574 Curtii

188 3615 400 3680 historiarum
433 3620 561 3698 partem
595 3612 889 3697 comprehendunt,
922 3613 998 3678 inde
1032 3614 1179 3693 demum,
1216 3614 1273 3679 ubi
1306 3615 1339 3678 in

190 3719 315 3785 decimo
331 3718 416 3785 libro
436 3716 461 3781 P
480 3717 610 3797 desinit,
632 3717 804 3801 incipiunt.
839 3737 952 3783 uerum
965 3717 1202 3785 Einsiedlensis
1225 3717 1338 3795 codex,

189 3820 295 3907 quiX
325 3828 383 3887 ant
403 3820 450 3886 XI
484 3819 614 3886 saeculo
649 3821 791 3904 scriptus
825 3841 895 3886 esse
929 3821 1061 3887 uidetur
1094 3820 1174 3903 (uid.
1198 3820 1282 3903 Hug.
1307 3820 1339 3882 in

189 3924 370 4006 ‘Philologi’
398 3923 506 3988 XXXI
538 3946 570 4007 p.
607 3920 756 4005 334-5),
789 3923 882 3988 cuius
915 3923 1074 4009 reliquiae
1108 3925 1128 3988 l.
1163 3922 1223 3987 VII
1258 3943 1284 3986 c.
1322 3928 1336 3984 1

189 4034 270 4093 extr.
296 4031 329 4092 et
352 4048 378 4092 c.
404 4032 422 4091 2
445 4027 550 4091 iniens
574 4026 751 4106 continent,
785 4027 864 4110 quid
901 4026 963 4092 sibi
990 4025 1241 4092 necessitudinis
1264 4045 1339 4090 cum

189 4130 213 4194 P
236 4130 429 4212 intercedat,
454 4131 503 4194 his
526 4130 700 4213 scripturis
724 4129 804 4194 satis
828 4129 982 4195 declarat.

275 4234 335 4298 VH
361 4239 388 4314 l,
413 4238 453 4299 36
476 4233 622 4300 Hedicke
645 4253 749 4316 quare.
880 4233 907 4297 E
928 4238 964 4298 et
985 4232 1011 4297 P
1035 4250 1123 4313 quae.
1161 4250 1162 4254 ’

413 4341 453 4404 37
528 4373 572 4382 -
646 4337 828 4420 adpaosces.
928 4372 969 4381 —
1034 4356 1194 4418 opaosccs.

413 4443 453 4505 38
529 4476 571 4486 -
648 4441 861 4507 detrectantes.
928 4475 970 4484 —
1036 4441 1250 4504 detractantes.

413 4548 455 4608 40
646 4545 734 4609 item.
