3068 5152
742 383 782 442 62

190 569 458 653 probabilitatem
482 568 653 650 Zumptius
678 567 877 650 abiudicare,
908 568 964 632 sed
988 567 1117 647 frustra
1149 567 1256 646 credo,
1286 589 1342 632 cc

187 681 284 738 natus
309 679 369 738 est.
414 692 489 736 nam
511 670 591 734 nihil
613 671 676 734 hae
698 678 756 734 aut
779 672 820 734 ad
844 677 1042 736 structuram
1065 671 1256 735 concinnius
1280 677 1341 735 aut

189 777 230 840 ad
249 797 380 840 sensum
399 795 508 839 uerius
526 779 585 837 est
621 779 721 851 a‚tea
746 796 843 856 quam
866 776 935 856 ipse
958 781 1065 855 sequ1
1067 795 1114 852 ur
1137 796 1211 856 qua,
1234 775 1340 838 uerbo

189 879 308 942 ‘tum’
300 901 333 942 1n
356 876 453 941 ‘dum
476 884 568 941 muta
569 882 663 954 to,e
637 875 688 940 ‘’et
711 877 815 959 post‘
819 884 954 959 corirpr
955 876 1003 940 ur
1027 884 1105 940 omr
1092 879 1147 940 tr
1134 884 1197 954 ur,
1230 858 1342 941 leuem

190 981 427 1046 sententiarum
451 980 722 1058 coniunctionem,
751 1000 834 1060 quae
857 1001 916 1063 per
939 981 1018 1044 ‘tum
1021 979 1098 1056 ’fit,
1128 980 1211 1044 male
1239 979 1342 1044 tollit.

320 1089 368 1163 11,
392 1087 433 1147 27
456 1105 528 1147 eum
551 1082 691 1179 Madet
715 1083 808 1147 codd.
827 1082 912 1147 Flor.
933 1082 1060 1147 GBud.
1081 1081 1175 1147 Uoss.
1197 1087 1215 1146 2
1238 1085 1343 1148 etiam

189 1188 213 1251 P
237 1206 333 1267 saper
355 1207 414 1270 pro
439 1192 623 1252 ceterorum
647 1186 765 1268 ‘supra'
788 1193 876 1251 recte
900 1188 1055 1251 seruauit.

320 1294 368 1368 11,
393 1293 433 1352 34
456 1289 549 1354 codd.
572 1289 624 1353 elli
652 1288 807 1353 conlocati
840 1290 917 1353 eatis
951 1290 1126 1370 quaesitam
1159 1290 1265 1354 aldai
1299 1293 1346 1355 ccl

188 1413 292 1475 repeat
313 1396 522 1457 reuertuntur.
558 1394 713 1476 quoniam
736 1391 900 1476 ‘colloqui’
924 1413 997 1457 cum
1020 1390 1184 1457 infinitiuo
1209 1393 1289 1473 (acc.
1313 1414 1342 1457 c.

188 1495 291 1576 infin.)
321 1517 426 1579 neque
457 1493 536 1559 alibi
565 1496 774 1577 coniungitur
807 1517 912 1578 neque
945 1496 1009 1560 nisi
1043 1495 1216 1559 durissime
1249 1496 1344 1578 iungi

189 1620 285 1682 posse
309 1599 441 1663 uidetur
462 1633 506 1641 —
528 1605 561 1662 et
583 1599 646 1664 hcc
668 1600 733 1663 iam
757 1599 941 1665 Miitzellius
966 1599 1149 1681 disputauit
1164 1635 1215 1678 —,
1239 1620 1343 1681 quae-

188 1702 326 1766 rendum
353 1722 412 1785 pro
443 1701 673 1766 ‘reuertuntur’
696 1701 844 1781 uerbum,
880 1701 968 1783 quod
996 1701 1191 1765 infinitiuum
1215 1702 1344 1766 ‘uideri’

189 1811 292 1887 regat.
329 1803 425 1869 offert
448 1805 548 1885 igitur
572 1826 643 1869 sese
666 1807 819 1888 referant,
844 1805 930 1887 quod
955 1826 1025 1869 cum
1050 1804 1179 1886 uolgari
1202 1805 1282 1869 uitio
1308 1807 1343 1868 in

190 1907 364 1972 ‘reuerunt’
388 1907 522 1984 abisset,
547 1909 775 1972 ‘reuertuntur'
799 1909 990 1989 corrigendo
1012 1890 1137 1972 lactum
1161 1915 1221 1973 est.

320 2014 368 2089 ll,
394 2009 482 2084 37Ρ
511 2009 604 2075 Galia
632 2031 697 2075 aare
730 2011 862 2093 scopare
896 2009 1057 2090 defecerat,
1092 2015 1123 2074 et
1150 2011 1345 2076 Macedones

192 2112 341 2179 Paratae
373 2114 542 2194 inquinare
573 2116 723 2179 aaronica
750 2114 830 2178 aelle
857 2112 1111 2194 numerabantur.
1157 2113 1239 2179 haec
1267 2137 1344 2180 cum

146 2208 148 2211 ’
191 2223 348 2299 corrupta
382 2226 501 2296 essent,
536 2219 642 2300 prima
672 2216 775 2281 uerba
803 2223 897 2281 uetus
926 2218 957 2280 in
961 2218 1144 2300 tterpolacr
1172 2219 1204 2281 in
1228 2220 1343 2303 aliquo

191 2320 303 2384 codice
336 2320 419 2384 ita
411 2328 527 2385 nnmut
529 2321 607 2399 auit,
643 2319 817 2385 tufiere:
851 2320 953 2385 ‘Calin
976 2342 1040 2385 uox
1065 2322 1262 2405 sanguisque
1286 2323 1345 2386 de-

173 2422 346 2487 ‘fecerant’
324 2422 469 2504 t‚qu0d
489 2423 607 2488 deinde
620 2429 733 2486 recent
735 2424 819 2486 iores
832 2422 907 2486 libri
920 2445 1032 2489 omncs
1044 2433 1249 2505 receperunt
1283 2427 1343 2490 sed

190 2527 339 2608 proxima
351 2525 393 2591 ‘et
405 2525 601 2591 Macedones
618 2526 772 2590 Philotan
793 2526 963 2608 inquinare
976 2527 1125 2591 innoxios
1137 2528 1221 2592 uelle
1236 2530 1344 2611 suspi-

191 2629 370 2707 cabantur’,
384 2626 468 2711 *quia
487 2629 672 2713 copulatiue
691 2629 922 2712 adiunguntur,
947 2629 1133 2710 ostendunt,
1157 2629 1250 2701 Calin
1269 2632 1344 2696 nul·

190 2731 258 2796 lum
276 2732 380 2797 malae
398 2733 618 2798 conscientiae
635 2732 764 2815 signum
782 2732 825 2797 ad
837 2732 871 2797 id
882 2738 1012 2814 tempus
1025 2732 1161 2798 dedisse.
1196 2735 1289 2817 atqui
1302 2736 1343 2813 is,

192 2857 288 2918 quem
313 2839 385 2918 post
407 2836 604 2900 intentatum
628 2837 750 2900 crimen
773 2837 885 2900 statim
908 2842 941 2899 et
963 2856 1028 2899 uox
1051 2843 1084 2899 et
1107 2838 1239 2918 sanguis
1263 2836 1344 2902 defi-

191 2941 289 3019 ciunt,
317 2944 406 3003 certe
430 2939 495 3003 dat.
542 2939 582 3004 de
604 2941 731 3022 integro
754 2940 854 3022 igitur
876 2939 1039 3021 scriptura
1060 2939 1210 3017 Parisini,
1233 2939 1266 3004 id
1290 2947 1345 3005 est

191 3042 361 3126 archetypi
384 3043 506 3107 codicis
529 3043 704 3107 tractanda
728 3049 787 3124 est,
811 3043 839 3107 si
863 3063 926 3124 qua
949 3040 1131 3124 probabilis
1154 3043 1343 3108 emendatio

192 3145 268 3210 inde
298 3147 368 3210 erui
401 3146 521 3228 possit,
555 3152 588 3211 et
620 3147 692 3210 ueri
720 3145 834 3208 similis
862 3143 944 3209 haec
976 3145 1121 3208 uidetur:
1159 3143 1251 3210 Galia
1282 3148 1345 3210 aare

192 3249 326 3330 sanquis
350 3250 512 3330 defecerat.
549 3245 637 3312 Calis
656 3247 768 3311 audito
792 3248 927 3311 crimine
950 3248 1005 3311 uix
1028 3252 1116 3311 metu
1140 3248 1345 3331 expalluerat

191 3358 224 3416 et
246 3373 285 3417 ea
306 3352 379 3435 ipsa
401 3372 436 3414 re
459 3358 583 3415 rectam
607 3351 841 3415 conscientiam
860 3349 1137 3415 commilitonibus
1154 3352 1219 3416 iam
1239 3373 1343 3436 prope

191 3454 399 3538 probauerat.
441 3453 567 3518 exstitit
589 3458 698 3519 autem
722 3453 883 3527 mendum,
907 3453 1003 3538 quale
1026 3475 1112 3518 nunc
1135 3461 1194 3534 est,
1217 3478 1257 3521 ex
1279 3455 1343 3521 hac

855 3555 882 3594 ix

192 3609 385 3673 uetustioris
408 3609 482 3673 uitii
506 3609 732 3673 emendatione
757 3606 926 3674 Calinuorr.

318 3710 384 3775 ibd.
409 3710 424 3793 ξ
449 3716 489 3776 38
508 3712 600 3776 codd.
619 3731 727 3776 omnes
747 3732 819 3794 erpo
839 3711 1066 3776 aNe'eoraaeho
1086 3712 1241 3777 acareaote'
1257 3732 1345 3779 more

185 3814 296 3894 patrio
325 3816 396 3878 dcto
424 3814 516 3896 ripae
548 3816 639 3879 scale
673 3814 853 3879 obruerant.
898 3815 963 3879 duo
992 3817 1075 3879 uitia
1102 3816 1133 3878 in
1158 3815 1209 3879 his
1232 3816 1344 3881 uerbis

191 3937 367 3998 agnoscere
381 3937 512 3980 necesse
526 3926 584 3997 est,
608 3917 748 3982 alterum
765 3903 960 3996 structurae,
983 3919 1138 4000 quoniam
1155 3925 1212 3982 aut
1229 3921 1344 3983 ‘nomi-

191 4020 297 4084 natos‘
320 4040 379 4103 pro
401 4053 444 4064 —
467 4020 513 4083 ati
537 4026 595 4083 aut
617 4019 736 4084 ‘obruti
759 4019 845 4085 sunt'
868 4042 927 4102 pro
950 4056 992 4066 -
1015 4027 1112 4085 erunt
1134 4021 1345 4085 scribendum

193 4127 274 4201 erat,
299 4122 440 4187 alterum
462 4123 520 4186 rei.
565 4142 650 4198 nam,
674 4130 712 4187 ut
735 4122 902 4188 Acidalius
925 4125 982 4202 ait,
1008 4144 1114 4205 neque
1137 4145 1258 4203 omnes,
1287 4126 1346 4208 qui

194 4227 333 4309 primum
358 4246 378 4288 a
400 4225 525 4308 Dymno
543 4224 751 4305 Nicomacho,
774 4225 891 4290 deinde
915 4225 956 4290 ab
980 4226 1042 4290 hoe
1064 4247 1123 4309 per
1139 4225 1345 4292 Ceballinum

192 4330 261 4410 regi
284 4327 419 4392 indicati
437 4327 579 4405 fuerant,
604 4326 798 4404 Demetrius,
823 4328 1014 4408 Peucolaus,
1037 4329 1189 4408 Nicanor,
1214 4328 1345 4412 Aphoe-

195 4429 299 4509 betus,
323 4431 451 4509 locens,
475 4429 649 4509 Dicxenus,
674 4430 877 4514 Archepolis,
907 4432 1064 4516 Amyntas
1088 4432 1254 4515 lapidibus
1277 4433 1345 4497 iam

194 4534 438 4616 cooperiuntur,
466 4553 574 4615 neque
602 4553 716 4597 rursus
739 4535 763 4596 ii
785 4539 924 4598 tantum.
969 4536 1110 4616 primum
1132 4556 1198 4599 nou
1221 4557 1344 4602 omnes.
