3068 5152
739 332 778 392 34

184 500 298 599 'paullo
338 522 456 599 postea
490 515 619 581 demum
658 517 691 580 in
737 515 990 582 tabernaculum
1032 515 1229 598 ingreditur,
1271 518 1345 582 uid.

187 616 204 701 ἓ
230 624 268 683 10
291 620 404 685 ‘intrat
424 620 457 682 in
480 619 752 683 tabernaculum’.

318 726 366 802 12,
392 727 429 785 11
454 722 479 785 P
500 723 677 803 inpigresse
699 743 733 786 se
755 721 937 802 moriturus,
960 721 1022 787 hoc
1045 728 1096 786 est
1122 723 1250 806 inpipre
1272 745 1347 789 esse

188 844 296 903 11111,
327 826 504 890 contractis
532 831 612 890 noto
637 825 830 908 compendio
861 824 988 889 duabus
1018 825 1166 906 uocibus,
1198 847 1343 907 quarum

162 928 362 1011 posteriori
397 928 510 992 eadem
544 934 595 993 est
628 927 765 992 initialis
805 927 917 992 littera
950 932 1048 1008 atque
1082 929 1185 1011 priori
1217 927 1343 996 finalis.

189 1029 284 1095 aliter
313 1031 338 1095 F
340 1031 400 1099 lor.
429 1030 457 1094 D
489 1029 518 1095 G
546 1037 580 1095 et
603 1031 693 1095 Leid.
724 1036 756 1095 et
785 1051 856 1094 curn
885 1030 925 1094 iis
955 1030 1126 1113 Zumptius
1159 1032 1252 1096 nulla
1282 1033 1344 1096 du-

189 1135 282 1216 plicis
306 1156 320 1199 s
344 1135 471 1199 ratione
493 1133 608 1198 habita
630 1133 856 1217 compendium
880 1132 1066 1198 dissoluunt
1086 1135 1133 1198 sic
1151 1125 1351 1201 scribendas

188 1237 324 1321 ‘inpigre
349 1257 419 1302 sese
441 1236 559 1301 morit’

321 1344 369 1420 12,
394 1344 433 1404 26
463 1340 488 1403 P
512 1343 585 1403 tune
600 1340 741 1419 1111111111
763 1338 856 1403 uelut
879 1338 906 1403 V
930 1343 958 1417 2,
983 1342 1018 1419 3;
1048 1341 1148 1405 ceteri
1178 1340 1257 1404 ‘tum
1282 1340 1344 1424 pr.'

319 1446 366 1518 13,
390 1445 409 1505 7
433 1443 457 1507 P
481 1464 528 1526 pr.
553 1464 593 1507 m.
617 1442 644 1505 ii
665 1447 761 1520 recte,
786 1447 820 1506 et
843 1441 890 1504 sic
913 1442 979 1504 iam
1003 1441 1052 1506 ed.
1077 1443 1188 1507 Medii.

320 1600 368 1673 13,
392 1601 411 1661 9
434 1596 458 1660 Ρ
483 1597 558 1676 qsub
583 1595 739 1674 oneribus,
767 1594 800 1659 id
830 1602 880 1659 est
910 1595 982 1675 quis
1009 1595 1068 1659 snb
1092 1616 1119 1660 o.
1165 1597 1213 1660 sic
1241 1598 1345 1680 igitur

189 1699 291 1783 Ieepii
313 1700 501 1764 coniectura
523 1698 619 1781 plane
643 1696 863 1763 confirmatur.

275 1802 340 1867 IIII
366 1805 391 1881 l,
416 1805 455 1866 27
480 1801 572 1867 codd.
597 1801 780 1884 (Amyntas)
809 1821 879 1866 enm
902 1805 1049 1880 quatuor
1076 1799 1205 1866 utilibus
1238 1800 1342 1867 Grae-

189 1925 295 1970 corum
322 1904 429 1984 nesius
451 1926 489 1968 en
511 1903 577 1969 acie
592 1910 776 1984 persenties
802 1904 880 1985 fuge
904 1903 1049 1983 Tripolin
1064 1905 1225 1984 peruenit.
1272 1927 1345 1970 mu·
1406 1977 1410 1983 ,

189 2009 277 2072 teuit
298 2007 406 2072 Lauer
428 2008 690 2072 terminationem
720 2008 813 2072 uerbi
838 2013 1020 2088 persenties
1050 2009 1083 2071 in
1114 2030 1186 2072 eum
1217 2028 1342 2087 casum,

190 2130 287 2196 quem
323 2116 496 2175 contextus
536 2108 672 2192 flagitat,
707 2110 904 2190 ablatiuum;
944 2117 977 2174 et
1016 2131 1089 2174 cum
1124 2111 1169 2174 sie
1209 2132 1344 2194 quoque

189 2219 333 2278 restaret
355 2214 507 2277 mendum
535 2218 594 2278 aut
615 2214 649 2276 in
671 2212 777 2293 ipsius
805 2218 864 2276 aut
892 2214 924 2276 in
952 2216 1031 2296 fuge
1055 2215 1161 2293 situm,
1190 2215 1343 2293 Zarotus,

191 2317 247 2397 qui
270 2338 336 2381 non
365 2315 467 2381 multo
495 2321 570 2399 post
592 2316 754 2379 Lauerum
786 2312 933 2378 Curtium
963 2316 1076 2395 edidit,
1104 2324 1211 2398 ipsum
1241 2318 1344 2382 scribi

190 2420 295 2484 iussit.
337 2419 454 2484 aderat
476 2425 585 2483 tamen
608 2418 690 2482 haec
713 2417 840 2482 facilior
863 2418 1061 2483 emendatio:
1086 2420 1189 2500 urire
1213 2441 1251 2484 en
1274 2420 1344 2485 acie

189 2521 364 2598 persecutis
386 2523 505 2604 fugam.
551 2521 590 2586 cf.
615 2521 641 2585 V
665 2525 694 2599 9,
721 2525 758 2584 12
782 2523 956 2604 ‘persecuti
978 2521 1088 2606 fugam
1111 2522 1235 2606 ipsius'.

319 2629 349 2704 2,
374 2629 392 2689 2
415 2624 440 2687 Ρ
462 2625 717 2707 phoenicesque,
741 2623 829 2707 quod
845 2625 953 2689 adhuc
977 2646 1016 2688 ex
1034 2625 1178 2690 editione
1192 2625 1341 2690 Merulae

192 2729 323 2813 petitur.

319 2834 348 2912 2,
374 2836 394 2895 4
417 2832 442 2895 Ρ
465 2836 615 2909 ucecent,
645 2830 732 2895 unde
755 2830 902 2914 plerique
926 2829 1019 2894 codd.
1045 2829 1197 2910 ‘uocent’3
1226 2831 1340 2894 sedin

191 2935 272 3001 Bud.
296 2941 347 3000 est
367 2934 516 3014 ‘uocant’,
541 2933 646 3015 crede,
670 2956 710 2999 ex
728 2932 1014 3012 Modianis'libris,
1038 2954 1113 2997 nam
1133 2954 1206 2998 eum
1224 2935 1342 2997 ceteris

192 3039 359 3103 ueteribus
382 3039 564 3103 editoribus
583 3038 712 3102 Medius
736 3058 866 3120 quoque
890 3037 937 3101 sic
956 3037 1097 3119 scripsit.
1131 3037 1285 3101 nimirum
1309 3038 1342 3100 in

193 3141 371 3225 archetypo
394 3141 479 3207 libro
501 3141 564 3205 hoe
586 3141 659 3205 loco
683 3140 815 3204 litterae
838 3159 857 3204 a
884 3161 925 3204 ea
954 3146 1025 3204 erat
1047 3139 1161 3218 forma,
1177 3122 1276 3223 ¹quae
1299 3139 1341 3204 ab

192 3263 218 3307 11
248 3240 528 3325 Carolingicorum
559 3249 592 3306 et
628 3244 844 3325 posteriorum
878 3247 1062 3326 temporum
1103 3265 1168 3308 non
1202 3242 1340 3306 multum

191 3345 400 3411 abhorrebat.
439 3345 588 3409 similiter
610 3343 670 3408 VII
696 3348 742 3425 11,
766 3350 784 3409 5
807 3346 841 3408 in
864 3345 888 3409 P
912 3352 962 3410 est
984 3345 1193 3427 ‘interrogent’
1216 3366 1276 3428 pro
1299 3381 1341 3391 -

190 3455 233 3512 at.
280 3448 320 3513 de
342 3447 520 3513 indicatiuo
544 3447 622 3527 uid,
645 3447 673 3510 si
695 3446 814 3530 placet,
837 3447 978 3512 Miitzell.
1002 3449 1045 3513 ad
1068 3449 1115 3513 ΙΙΙ
1139 3454 1167 3529 2,
1193 3453 1241 3513 18.

320 3554 348 3628 2,
372 3554 391 3614 8
414 3548 439 3612 Ρ
465 3548 609 3630 (Africus
632 3548 766 3631 uentus)
782 3550 891 3630 prinu
913 3571 1050 3632 peneque
1078 3556 1224 3632 congestu
1238 3552 1342 3637 pulsu

190 3652 288 3716 inlisa
309 3651 526 3733 merisubruit,
549 3674 615 3736 quc
643 3675 723 3718 usus
752 3655 785 3718 in
814 3654 886 3718 loco
910 3661 1064 3736 corrupto
1094 3654 1194 3720 scribi
1222 3675 1341 3720 censeo

185 3753 284 3835 pulsu
315 3753 408 3818 inlisi
439 3755 538 3819 ueris
571 3754 704 3820 subruit.
758 3756 837 3820 illisi
870 3758 954 3820 enim
988 3758 1021 3820 iu
1055 3777 1206 3839 aggerem
1242 3759 1341 3822 maris

190 3857 284 3921 uelut
312 3857 424 3921 arietis
454 3856 561 3940 pulsu,
589 3858 623 3922 id
652 3867 702 3924 est
728 3859 763 3923 ui
791 3865 825 3924 et
852 3858 942 3938 ictu,
958 3880 1039 3940 opus
1070 3860 1247 3925 subruitur.
1268 3876 1282 3900 ⁸
1300 3861 1341 3926 el.

192 3964 219 4040 3,
246 3963 284 4022 13
308 3961 458 4025 ‘arietum
480 3961 578 4044 pulsu
600 3983 711 4027 muros
735 3961 864 4046 quatit'.

319 4067 346 4141 2,
372 4066 409 4125 13
434 4063 457 4126 Ρ
481 4069 516 4129 11
537 4065 640 4130 codex
659 4064 793 4147 quidam
811 4064 936 4130 Heinsii
960 4066 1049 4150 apud
1070 4062 1340 4150 Schnakenburg.

189 4170 359 4244 uerterunt,
383 4167 471 4249 quod
493 4168 724 4251 recipiendum.
771 4169 871 4233 ceteri
896 4169 1095 4234 uerterunt.

320 4272 348 4348 3,
372 4274 392 4332 4
415 4268 440 4332 Ρ
459 4270 584 4352 iamque
600 4288 665 4334 non
676 4270 887 4335 Macedonum
908 4277 1019 4351 turres,
1037 4273 1203 4337 sedetiam
1219 4292 1343 4338 1111111111

190 4369 328 4438 tabulate
353 4379 558 4453 conceperunt
579 4373 692 4455 ignem.
738 4373 790 4437 hic
813 4375 869 4438 ubi
891 4375 925 4438 in
949 4375 1059 4440 codice
1082 4382 1116 4443 et
1137 4377 1229 4457 inne,
1252 4377 1343 4460 quod

191 4475 283 4540 addit
304 4475 444 4557 Madvig.
474 4475 609 4540 Aduers.
642 4473 719 4540 Crit.
748 4475 780 4539 II
802 4498 833 4559 p.
858 4480 929 4556 531,
957 4486 990 4542 et
1011 4482 1103 4546 node
1131 4486 1208 4545 ante
1236 4480 1342 4546 Maee-
