3068 5152
755 404 792 462 41

199 585 315 652 odanda
353 609 393 652 ex
432 587 494 653 hac
533 589 653 652 ueteris
689 587 811 650 codicis
846 587 1009 669 scriptura
1042 587 1227 670 ‘opespem'‚
1260 589 1280 650 i.
1318 609 1345 652 e.

201 692 299 773 ‘opes
322 690 417 774 spes’.
496 692 499 697 ’
726 686 728 691 ’

212 808 215 813 ·
285 793 313 857 V
338 797 364 873 1,
388 797 407 856 2
432 792 455 855 P
479 789 591 868 arbela,
615 813 680 856 non
703 791 879 869 ‘arbelam'‚
909 793 997 876 quod
1020 794 1193 874 posteriori
1219 793 1348 856 demum
1391 829 1396 882 j

199 897 309 960 manui
343 895 496 974 debetur3
529 895 607 958 item
636 892 653 976 ᾖ
678 898 696 957 7
724 916 772 978 pr.
797 916 837 958 m.
862 893 1027 977 babylonas
1061 893 1077 977 ἓ
1106 900 1147 959 43
1180 894 1351 977 babylonae

201 997 275 1081 (pro
309 996 517 1081 babyloniae),
550 1019 616 1061 666
649 994 847 1081 ‘babylone'3
880 1018 941 1062 nec
962 997 993 1061 X
1017 1001 1043 1077 1,
1071 1003 1108 1062 19
1140 997 1348 1063 ‘babilonem’

200 1101 323 1165 sed-
345 1120 396 1166 no.
480 1136 484 1145 ·
994 1131 996 1136 ·

332 1210 357 1284 1,
376 1207 393 1267 6
410 1204 443 1267 in
461 1204 486 1267 P
504 1210 579 1287 post
601 1204 755 1268 didicisse
778 1203 916 1267 duarum
939 1203 1125 1267 litterarum
1148 1225 1266 1268 rasura
1289 1211 1348 1285 est,

199 1307 261 1372 sub
285 1327 350 1390 qua
371 1326 405 1370 sc
428 1313 465 1372 ut
487 1308 589 1371 latere
612 1307 767 1372 arbitrari
796 1307 903 1385 liceat,
938 1328 1048 1371 eorum
1077 1306 1243 1386 librorum,
1278 1309 1348 1390 qui-

198 1410 334 1474 buscum
360 1412 504 1494 optimus
528 1411 629 1474 codex
652 1411 843 1494 plerumque
866 1411 1039 1487 consentit,
1063 1410 1242 1473 auctoritas
1260 1409 1347 1474 facit.

143 1502 148 1509 ’
198 1533 275 1578 nam
300 1513 388 1595 apud
412 1513 556 1577 Modium
588 1522 638 1577 661
668 1519 738 1577 ‘usu
773 1534 807 1577 66
843 1511 1016 1587 didicisse’,
1050 1513 1082 1574 in
1106 1511 1187 1575 Bud.
1213 1513 1256 1576 ‘se
1285 1534 1346 1576 usu

198 1614 373 1694 didicisse’‚
395 1616 428 1679 in
452 1607 537 1680 Flor.
562 1615 599 1680 G.
626 1618 696 1681 ‘usu
721 1616 817 1680 didio.
842 1615 894 1680 se'.

329 1723 355 1796 1,
382 1718 468 1783 1οΡ
496 1718 640 1798 pretioso
667 1725 781 1796 666166,
817 1718 904 1802 quod
927 1739 990 1781 666
1014 1738 1087 1781 cum
1111 1718 1228 1801 ceteris
1251 1717 1345 1782 libris
1381 1763 1406 1793 -,

196 1822 232 1886 in
256 1821 427 1903 ‘pretiosae
451 1820 503 1896 6.’,
527 1822 585 1886 sed
609 1823 641 1885 in
659 1821 803 1901 pretioso
824 1825 909 1884 clerte
933 1820 1168 1901 corrigendum,
1191 1827 1228 1885 ut
1244 1822 1347 1884 totius

196 1925 358 1989 enuntiati
393 1930 560 1988 structura
592 1924 674 1987 haec
703 1923 777 1987 fist:
811 1922 930 1988 Arbela
958 1925 1137 2000 tradiditor,
1171 1923 1260 2005 rapio
1290 1944 1344 1988 ec·

189 2027 348 2109 pellectile
377 2027 498 2108 ditique
517 2047 598 2108 poan
620 2027 737 2107 repleti
759 2061 800 2071 —-
823 2026 887 2090 IlII
908 2027 999 2090 milio
1020 2025 1173 2118 'talentum
1195 2025 1284 2104 fcere
1305 2063 1348 2071 —

188 2136 359 2212 praetereo
368 2132 617 2210 pretiosoneste
643 2131 738 2194 totilas
756 2135 831 2194 cett.
866 2129 1016 2194 similiter
1034 2128 1064 2190 X
1086 2134 1111 2208 1,
1131 2133 1171 2193 24
1189 2130 1214 2193 Ρ
1232 2131 1346 2194 666116-

196 2254 256 2316 qoe
269 2254 459 2314 purpureae,
483 2234 517 2297 in
541 2255 605 2316 quo
629 2234 744 2297 ultima
766 2255 781 2297 c
801 2234 1008 2316 exsequenti
1028 2253 1107 2298 uoce
1121 2233 1171 2297 ‘et'
1185 2232 1345 2312 adhaesit,

196 2343 234 2402 ut
272 2337 367 2401 facile
401 2337 564 2416 castisque
596 2356 761 2416 purpureo
794 2357 910 2400 rursus
945 2336 1114 2400 efficiatur.
1171 2336 1346 2420 utrobique

196 2440 340 2505 editores
357 2460 396 2503 ex
414 2439 652 2504 recentioribus
670 2439 763 2504 libris
776 2439 933 2522 pluralem
946 2461 1116 2502 numerum
1129 2447 1346 2522 sumpserunt,

196 2543 255 2608 sed
277 2543 386 2626 priore
408 2543 481 2607 loco
505 2542 701 2624 singularem
725 2542 790 2605 iam
813 2541 978 2620 Barthius,
1013 2542 1148 2606 Aduers
1172 2541 1231 2605 LII
1254 2564 1280 2606 c.
1307 2546 1344 2605 16

196 2670 236 2712 ex
269 2668 330 2711 usu
366 2646 563 2727 scriptorum
597 2668 631 2708 se
674 2644 771 2708 ruello
813 2645 904 2709 dixit.
961 2646 1000 2709 de
1040 2645 1213 2709 collectiuo
1254 2645 1346 2709 uerbi

199 2749 322 2816 ‘uestis’
357 2770 419 2813 666
454 2769 493 2811 ex
526 2745 640 2810 Curtio
676 2745 714 2809 of.
744 2747 771 2808 V
803 2752 831 2824 6,
861 2751 879 2810 3
909 2749 1024 2812 ‘uestis
1057 2749 1171 2829 ingens
1205 2747 1344 2827 modus';

195 2857 224 2933 2,
247 2856 284 2916 19
302 2853 340 2916 ‘si
357 2850 449 2916 cordi
472 2848 500 2912 ei
525 2871 653 2932 quoque
676 2851 779 2913 uestis
803 2850 912 2928 esset'3
937 2850 1029 2914 VIIII
1048 2855 1076 2927 8,
1101 2850 1344 2932 l‘aliquantum

195 2956 302 3020 lineae
324 2951 446 3018 uestis’.

330 3062 356 3137 1,
381 3059 418 3118 15
449 3053 542 3118 codd.
567 3054 683 3133 eodem,
716 3054 801 3117 unde
824 3055 928 3119 Aldus
952 3055 1067 3134 ‘idem’,
1101 3055 1343 3120 Freinshemius
1462 3050 1466 3056 ’

197 3161 330 3238 landem,
363 3180 427 3242 quo
451 3156 547 3220 modo
571 3157 678 3220 minus
701 3157 862 3221 uiolenter
885 3158 1036 3222 mendum
1059 3157 1197 3222 tollitur.
1242 3158 1281 3222 cf.
1300 3159 1344 3222 VI

194 3268 224 3343 4,
249 3267 277 3342 6,
302 3262 358 3327 ubi
380 3263 458 3325 item
482 3260 521 3323 de
544 3258 677 3323 flumine
701 3259 861 3324 adfinem
885 3260 1077 3326 decurrente
1100 3267 1164 3324 est:
1199 3261 1343 3326 ‘taudem

194 3366 227 3429 in
251 3365 390 3428 alterum
414 3383 541 3428 amnem
564 3361 671 3426 cadit’.

326 3471 353 3544 1,
381 3470 419 3530 18
440 3465 465 3528 Ρ
487 3464 658 3547 somnoque,
683 3467 784 3530 ceteri
807 3465 874 3530 fere
898 3466 1075 3549 ‘famaque'.
1120 3469 1184 3531 iam
1209 3463 1343 3550 recepta

193 3571 334 3635 Parisini
358 3570 524 3652 scriptura
546 3568 699 3632 Mazaeus
723 3591 787 3633 666
811 3567 908 3632 ‘fama
931 3570 1087 3648 celebris,
1117 3572 1173 3634 sed
1202 3571 1341 3635 celebris
1450 3584 1452 3588 '

193 3673 300 3738 famae
324 3672 424 3736 fnisse
448 3671 576 3744 dicitur,
600 3670 873 3754 quemadmodum
898 3673 962 3734 iam
980 3681 1054 3735 6616
1073 3674 1237 3754 cognitam
1251 3674 1339 3737 Pari·

195 3776 255 3840 sini
287 3775 516 3863 auctoritatem
546 3774 754 3838 scribendum
778 3795 850 3837 esse
874 3774 1070 3839 uerisimile
1095 3783 1174 3839 erat.
1221 3777 1341 3859 quippe

192 3880 225 3942 in
259 3878 461 3942 nominetiuo
496 3876 665 3941 masculini
695 3878 825 3960 generis
858 3898 929 3941 oum
959 3878 1089 3941 omnino
1119 3879 1207 3961 apud
1237 3879 1340 3943 bonos

193 3981 372 4063 scriptores
395 3979 499 4044 forma
522 3980 681 4045 ‘celebris'
704 4001 782 4045 rara
806 3981 849 4044 sit
871 3979 984 4060 (Neue,
1008 3980 1340 4064 166666121169),

191 4089 262 4148 tum
286 4081 419 4147 Curtius
454 4082 603 4147 ‘celeber'
638 4104 766 4166 semper
799 4082 878 4147 alibi
912 4086 1087 4166 usurpauit
1116 4085 1189 4165 (VII
1214 4091 1241 4162 4,
1265 4089 1284 4147 8
1308 4090 1341 4148 61

191 4186 268 4252 VIII
292 4191 320 4265 9,
344 4186 388 4266 9).
423 4192 522 4268 atque
545 4185 607 4249 hac
629 4207 663 4250 re
686 4187 848 4250 adductus
872 4208 975 4268 nuper
994 4187 1159 4269 Uogelius,
1185 4189 1237 4252 cui
1258 4187 1340 4251 haec

191 4289 385 4354 Parisiensis
409 4290 573 4370 scriptura
595 4290 743 4352 nondum
774 4295 853 4354 6616
882 4296 962 4367 erat,
996 4289 1100 4368 famae
1133 4289 1338 4354 scribendum

190 4392 296 4456 uideri
319 4396 408 4455 recte
431 4391 522 4455 dixit.

324 4500 350 4576 l,
381 4497 419 4557 19
449 4495 496 4558 sic
529 4493 738 4558 scribendum
772 4514 903 4558 censeo:
938 4493 1149 4575 (Alexander)
1184 4497 1339 4576 qrtcdrcto

189 4599 321 4679 cymino,
356 4599 448 4680 qriod'
465 4597 531 4677 1666
559 4595 696 4679 docebat,
727 4596 811 4661 66161
834 4596 869 4660 in
892 4597 965 4675 acic,
995 4595 1122 4679 iuprcdi
1143 4617 1221 4662 6666
1244 4596 1338 4679 iubet,
