3068 5152
745 366 787 427 84

188 552 383 627 tentrionern,
418 551 558 632 oinpitnr
591 569 680 614 anne
713 550 853 630 torrenti,
887 551 944 632 qni
963 549 1151 631 praeruptis
1179 550 1350 634 utrimque

158 710 159 714 ,
187 652 272 733 ripis
297 652 419 717 aditnrn
440 654 484 717 aol
503 652 612 717 nrbern
632 653 780 733 inpedit;
807 654 841 717 iu
864 652 982 737 quibus
1007 654 1050 718 ‘et
1072 652 1348 735 septentrionem'

187 754 332 819 Eussner
354 756 387 819 in
410 755 550 839 Specim.
569 754 680 819 Gritic.
701 778 731 838 p.
752 760 790 819 16
812 764 901 820 recte
924 754 1062 833 addidit,
1085 756 1149 826 nisi
1171 756 1263 840 quod
1288 756 1349 821 ille

188 858 308 941 plurali
331 857 435 922 forma
458 857 729 940 septentriones,
763 879 847 941 quae
870 880 890 922 a
914 857 1028 923 Curtio
1057 880 1122 922 non
1144 864 1348 941 usurpatur,

187 982 267 1024 usus
292 968 351 1025 est.
398 967 581 1044 sequuntur
603 961 637 1023 in
659 960 684 1022 P
707 960 793 1024 Flor.
817 960 845 1024 D
870 961 899 1026 G
921 959 937 1022 Ι
959 959 1040 1024 Bud.
1064 962 1162 1026 haec:
1196 963 1240 1025 ad
1261 961 1348 1026 acai-

189 1064 311 1127 clentenr
334 1083 353 1127 a
375 1064 509 1127 meridie
530 1063 621 1127 nelnt
641 1063 679 1126 cle
700 1062 862 1127 indnstria
883 1084 978 1143 rapes
1001 1063 1170 1145 praealtas
1193 1062 1349 1129 obmolita

187 1170 302 1232 natnra
329 1172 383 1230 est.
430 1166 631 1230 deteriorum
659 1167 844 1230 emendatio
868 1167 920 1231 ‘ad
943 1166 1145 1231 occidentem
1169 1171 1203 1230 et
1226 1188 1246 1231 a
1276 1189 1348 1232 me-

188 1268 279 1332 ridie'
303 1289 433 1333 sensum
457 1269 588 1350 quidem
612 1270 781 1352 scripturis
804 1275 892 1332 recte
910 1271 1071 1349 restituit3
1095 1269 1151 1333 sed
1171 1271 1350 1352 praeposi-

188 1374 315 1436 tionum
348 1373 381 1436 in
416 1371 531 1435 eadem
565 1392 601 1435 re
634 1366 789 1448 uarietas,
824 1392 896 1435 cum
930 1373 996 1436 iam
1030 1371 1114 1435 hanc
1143 1372 1350 1454 scripturam

189 1496 310 1555 magna
338 1496 377 1538 ex
407 1480 501 1557 parte
536 1473 764 1558 interpolatori
797 1476 922 1538 recenti
956 1475 1068 1539 deberi
1102 1475 1251 1554 sciamus,
1290 1477 1351 1539 uix

188 1579 277 1642 ultra
300 1576 514 1661 probabitur.v
543 1599 659 1642 uerum
682 1579 745 1642 erit
767 1577 923 1642 fortasse:
947 1579 990 1643 ad
1010 1577 1200 1642 oonaennn
1223 1597 1260 1642 aa
1284 1599 1351 1642 rne-

107 1758 109 1761 .
189 1679 310 1757 ridiern
348 1681 469 1744 omissa
499 1681 534 1746 in
570 1680 674 1745 altero
704 1680 849 1745 membro
881 1681 1134 1764 praepositione,
1168 1682 1249 1764 quia
1282 1681 1351 1746 hae

191 1783 276 1847 duae
310 1783 401 1848 urbis
435 1790 548 1867 partes
577 1783 696 1848 'eadem
730 1785 818 1848 situs
847 1790 967 1847 natura
1000 1783 1192 1848 coniunctae
1223 1785 1351 1848 ceteris

189 1886 377 1964 regionibus
400 1893 620 1969 opponuntur.
665 1886 732 1950 uid.
756 1885 898 1950 Miitzell.
925 1909 954 1965 p.
979 1889 1038 1949 371
1064 1906 1093 1950 a.
1123 1924 1125 1929 ·

323 1994 370 2065 10,
390 1993 515 2052 25—26
538 1990 571 2052 in
596 1989 742 2053 eiusdem
758 1988 863 2052 Indici
886 1989 998 2071 oppidi
1015 1991 1178 2053 moenium
1196 1988 1352 2072 descrip-

190 2095 281 2157 tione
304 2090 420 2173 uulgo:
445 2092 536 2156 lateri
558 2091 674 2172 (crudo
698 2091 823 2156 scilicet
846 2090 1018 2172 laterculo)
1036 2091 1199 2157 ninenlnrn
1223 2092 1353 2172 lapides

193 2201 275 2273 snnt,
311 2214 390 2277 qnos
417 2196 639 2274 interposuere,
674 2200 711 2258 nt
738 2194 863 2258 dnriori
890 2195 1038 2259 rnateriae
1065 2193 1199 2277 trapilis
1222 2194 1353 2260 incam-

192 2296 283 2375 lteret,
314 2297 474 2379 sirnnlpne
496 2303 581 2361 terra
602 2317 712 2361 arnore
735 2298 845 2361 dilnta.
889 2317 928 2361 ne
957 2302 1061 2360 tannen
1089 2296 1242 2361 uniuersa
1273 2317 1353 2362 con·

191 2401 319 2477 sideret,
347 2401 506 2480 inpositae
529 2405 619 2463 erant
641 2399 745 2463 trabes
767 2400 903 2478 aolidae,
935 2401 1047 2481 qnibns
1069 2399 1182 2463 iniecta
1207 2397 1354 2465 tabnlata

191 2523 300 2568 rnnros
330 2508 361 2567 et
388 2500 530 2583 tepebant
552 2506 581 2566 et
602 2503 733 2582 peruios
754 2506 900 2584 fecerant.
945 2505 993 2567 ita
1016 2503 1044 2567 si
1066 2503 1355 2583 interpunguntur

193 2606 306 2683 uerba,
331 2592 430 2669 ‘ter‘ra
453 2604 567 2668 diluta’
591 2612 700 2669 rectus
724 2625 821 2669 casus
845 2612 896 2670 est
918 2614 952 2670 et
973 2612 1065 2669 terra
1087 2604 1193 2668 lutum
1215 2605 1353 2669 intelle·

194 2709 335 2790 gendum
359 2715 417 2786 est,
443 2728 506 2790 quo
529 2708 634 2771 nostri
657 2728 787 2790 quoque
810 2708 1033 2791 redemptores
1056 2728 1115 2791 pro
1134 2707 1224 2770 calce
1245 2707 1354 2772 inter-

193 2811 270 2875 dum
288 2816 437 2874 utuntur.
472 2810 630 2875 hactenus
649 2812 751 2892 igitur
769 2810 826 2875 illa
844 2811 1009 2875 distinctio
1025 2830 1106 2875 uera
1129 2831 1201 2874 esse
1224 2816 1354 2892 potest,

194 2935 278 2997 quae
313 2915 347 2977 in
381 2915 535 2996 proximis
565 2936 639 2978 mcx
669 2915 783 2978 uitium
812 2935 907 2977 suum
935 2913 1088 2978 ostendit.
1134 2934 1210 2977 nam
1239 2914 1272 2976 in
1298 2911 1355 2978 his

194 3020 243 3080 ‘ne
267 3025 377 3081 tamen
401 3018 558 3081 uniuersa
576 3016 770 3081 consideret'
784 3037 884 3081 causa
901 3016 1100 3092 considendi,
1126 3036 1210 3098 quae
1234 3015 1357 3099 pluuia

195 3128 275 3197 erat,
310 3140 429 3201 magno
464 3140 563 3202 opere
591 3119 805 3183 desideratur.
851 3121 963 3202 itaque
992 3119 1127 3183 mutatis
1156 3119 1356 3201 interpunc-

195 3223 293 3286 tionis
323 3224 410 3286 nctis
441 3223 487 3286 sic
515 3222 636 3286 scribo:
670 3221 764 3286 lateri
795 3221 960 3285 ninnelnrn
995 3222 1117 3303 lapides
1150 3225 1234 3309 snnt,
1270 3242 1357 3303 anos

193 3324 416 3404 interposuere,
438 3329 473 3388 nt
492 3325 617 3389 danari
633 3327 782 3388 rnateriae
802 3324 935 3406 frapilis
950 3323 1158 3402 innanberet;
1180 3323 1356 3406 nennlqne,

195 3429 278 3492 terri
315 3447 423 3492 arnore
462 3427 574 3504 (liintd,
607 3448 646 3491 ne
674 3433 776 3491 tarnen
815 3426 967 3491 nninersa
1000 3447 1035 3501 a,
1068 3426 1226 3506 inpositae
1260 3432 1356 3504 cett,

195 3536 233 3594 ut
245 3530 417 3594 ‘uniuersa’
430 3532 543 3610 omnis,
567 3537 600 3594 et
613 3529 738 3610 fragilis
757 3537 789 3593 et
802 3530 895 3605 dura,
914 3531 1053 3593 materia
1066 3531 1123 3606 sit,
1148 3549 1357 3612 quamquam

199 3633 247 3696 sic
288 3653 420 3725 quoque
463 3642 496 3697 et
536 3632 677 3697 fortasse
712 3632 894 3715 simplicius
928 3631 1032 3695 uerba
1066 3632 1157 3712 iungi
1192 3640 1357 3714 possunt:

196 3735 354 3818 sirnnlqne
377 3740 464 3801 terra
481 3756 589 3800 nrnore
612 3736 717 3801 attnta
735 3755 774 3800 ne
797 3739 902 3799 tornen
919 3740 1006 3812 cett,
1028 3734 1092 3799 hcc
1110 3741 1174 3798 est:
1198 3755 1241 3797 ne
1260 3741 1358 3801 terra

197 3858 309 3903 umore
322 3838 435 3902 diluta.
472 3840 528 3903 sed
555 3841 623 3903 siue
646 3839 708 3902 hoc
733 3840 802 3902 siue
825 3838 908 3901 illud
931 3837 1100 3915 malumus,
1125 3835 1232 3900 ‘terra’
1257 3839 1357 3902 crudi

197 3941 319 4005 lateres
343 3947 429 4018 sunt,
453 3943 510 4025 qui
532 3963 655 4018 umore,
684 3941 718 4004 id
741 3947 792 4004 est
815 3939 981 4023 pluuiatili
1004 3960 1100 4022 aqua,
1131 3938 1286 4003 dissoluti
1311 3963 1356 4006 ne

196 4044 323 4107 ruinam
357 4043 536 4120 traherent,
573 4042 754 4126 periculum
789 4049 869 4106 erat.
922 4044 1035 4124 itaque
1068 4041 1165 4107 lateri
1197 4042 1357 4108 tabulata

198 4148 441 4229 superinposita
475 4153 578 4221 erant,
613 4165 696 4229 quae
726 4146 819 4209 uelut
850 4151 938 4208 tecto
969 4165 1097 4208 murum
1127 4150 1355 4227 contegerent.

196 4245 334 4311 uerbum
357 4248 485 4312 ‘tamen'
509 4254 619 4312 autem
650 4247 793 4312 refertur
823 4247 865 4312 ad
893 4247 952 4311 illa
981 4249 1188 4330 ‘quamquam
1221 4247 1357 4330 lapides

197 4348 383 4433 interpositi
418 4351 531 4415 erant’.
587 4372 693 4435 neque
729 4350 811 4414 illud
847 4349 1035 4428 obscurum,
1069 4369 1127 4413 cur
1160 4349 1357 4416 coniunctio

197 4449 304 4516 finalis
327 4452 434 4518 media
457 4453 586 4517 demum
610 4454 774 4517 sententia
805 4458 963 4535 ponatur,
997 4453 1131 4535 quaesi
1158 4452 1192 4515 in
1220 4453 1357 4519 initium

199 4556 433 4619 enuntiationis
467 4561 638 4639 protracta
671 4561 769 4633 esset,
805 4554 887 4619 haec
920 4554 1027 4618 finalis
1063 4555 1228 4618 sententia
1257 4555 1358 4623 uelut
