3068 5152
746 349 786 410 28

275 532 395 598 Paulus
418 534 593 614 Diaconus,
609 533 667 598 aed.
692 534 810 599 Miiller
833 556 862 616 p.
889 537 937 614 53,
965 537 1017 598 10:
1051 539 1214 598 creterrae
1242 553 1346 598 uoca—
1395 621 1396 624 Ἴ

189 634 302 700 bulum
326 634 470 701 trahitur
492 657 513 701 a
536 644 671 716 cratere,
695 636 780 721 quod
805 657 865 701 uas
889 642 939 701 est
961 636 1039 699 uini.

274 737 409 815 Nonius,
444 762 474 822 p.
499 742 570 818 547,
594 742 651 802 28:
687 745 832 804 creterra
865 744 926 817 est,
961 759 1057 822 quam
1092 759 1178 802 nunc
1207 737 1344 803 situlam

188 846 317 906 uocant.
362 840 507 906 Naeuius
530 842 563 905 in
586 840 733 924 Lycurgo

295 994 430 1078 nam'ut
452 1013 564 1077 ludere
587 1012 744 1078 laetantis
768 1013 854 1078 inter
876 1033 911 1077 se
932 1012 1076 1077 uidimus
1145 1019 1165 1059 Χ

220 1185 221 1189 ,
296 1122 429 1198 propter
451 1136 588 1194 amnem,
612 1117 764 1180 creterris
788 1125 916 1180 sumere
940 1136 1059 1199 aquam
1083 1136 1123 1180 ex
1145 1121 1253 1198 ponte.

804 1218 888 1298 (cod.
912 1217 1025 1282 Bamb.
1050 1218 1210 1296 creteris.)

187 1387 303 1464 Uarro,
339 1389 390 1453 de·
411 1389 480 1453 uita
515 1390 628 1472 populi
663 1391 802 1455 Romani
834 1390 890 1454 lib.
925 1389 989 1453 Ill:
1025 1388 1076 1453 ‘ad
1111 1389 1343 1471 Sybaritanam

189 1490 355 1573 praedam,
378 1493 411 1555 in
435 1511 500 1574 qua
517 1497 594 1556 sunt
612 1491 767 1574 tripodes,
793 1499 967 1568 creterrae,
988 1512 1164 1570 anancaeo,
1185 1491 1342 1574 apopulo

188 1593 345 1657 nobilium
369 1599 584 1657 toreutarum.
608 1629 650 1639 —
674 1591 797 1674 Cicero,
821 1594 861 1658 de
885 1593 972 1659 deor.
996 1599 1103 1659 natur.
1127 1593 1183 1658 lib.
1206 1593 1238 1658 II

358 1765 391 1828 in
414 1765 588 1849 medioque
612 1767 683 1829 sinu
707 1764 836 1848 fulgens
860 1763 1013 1830 Creterra
1034 1765 1167 1831 relucet.

274 1935 508 2001 HaeoNonius.
541 1937 574 2000 in
599 1935 663 2001 Cic.
684 1942 752 2001 nat.
773 1936 861 2002 deor.
887 1936 933 2017 (II
956 1927 1006 2015 dl,
1033 1935 1106 2018 114)
1131 1938 1231 2001 etiam
1256 1955 1342 2021 nuno

189 2040 222 2101 in
245 2039 315 2104 cod.
330 2037 470 2105 Uindob.
492 2060 516 2104 s.
532 2039 624 2104 VlIlI
648 2047 699 2105 est
721 2061 742 2105 a
764 2061 811 2123 pr.
836 2061 877 2104 m.
898 2040 1053 2104 ‘creterat
1087 2041 1119 2103 in
1143 2038 1339 2102 Arateorum

189 2146 458 2226 quoquosala
489 2149 522 2207 et
551 2146 612 2207 387
643 2143 677 2207 in
706 2143 776 2207 cod.
801 2142 923 2207 Harlei.
950 2163 973 2206 s.
998 2141 1089 2205 VIIII
1123 2163 1171 2224 pr.
1195 2163 1236 2205 ιιι.
1261 2141 1341 2204 ‘cre-

188 2245 269 2309 tera’
277 2269 284 2325 3
318 2250 353 2310 at
386 2267 416 2310 u.
449 2249 509 2310 292
543 2247 664 2311 uitiosa
697 2244 801 2311 forma
829 2244 976 2310 ‘cratera’
1005 2246 1034 2308 ei
1068 2245 1245 2309 substituta
1279 2249 1341 2307 est.

188 2369 303 2413 rursus
336 2348 368 2412 in
399 2348 501 2432 Epist.
527 2347 587 2412 VII
613 2354 639 2428 1,
664 2353 693 2426 2,
727 2348 783 2413 ubi
817 2348 857 2412 de
885 2345 1003 2412 fabulis
1033 2346 1230 2430 quibusdam
1251 2345 1343 2410 Accii

190 2457 223 2515 et
246 2449 332 2515 Liuii
360 2451 539 2516 Andronici
574 2453 691 2534 agitur,
725 2451 840 2515 horum
870 2472 1052 2516 sermonem
1080 2451 1229 2514 imitatus
1258 2448 1343 2512 dixit

189 2549 320 2618 Cicero:
355 2554 443 2636 ‘quid
479 2555 564 2619 enim
600 2554 829 2620 delectationis
862 2554 986 2618 habent
1019 2553 1158 2618 sescenti
1192 2551 1270 2615 muli
1304 2551 1338 2615 in

190 2651 451 2737 Clytaemnestra
469 2658 578 2721 autin
596 2657 691 2741 Equo
709 2657 850 2722 Troiano
874 2662 1092 2720 creterrarum
1114 2656 1180 2720 tria
1202 2653 1306 2718 millia
1314 2653 1339 2717 l'

190 2764 409 2822 creterrarum
433 2759 518 2822 enim
542 2760 613 2825 cod.
637 2760 815 2825 Medioeus.
1234 2748 1238 2755 ¹

277 2857 440 2941 Uergilius
475 2855 640 2945 ceterique
674 2862 742 2927 fere
777 2868 894 2946 poetae
929 2859 1054 2926 ‘crater'
1084 2881 1212 2943 semper
1244 2880 1340 2924 usur-

189 2970 326 3046 parunt;
341 2962 507 3045 ⁸Horatius
524 2965 607 3030 illud
626 2987 813 3050 numquam,
834 2963 996 3030 ‘creterra’
1009 2964 1068 3028 bis.
1104 2963 1200 3029 Satir.
1214 2962 1286 3039 114,
1300 2966 1350 3049 80Ι

356 3138 426 3200 siue
448 3137 559 3218 grauis
581 3138 687 3202 ueteri
711 3142 874 3201 creterrae
896 3135 994 3200 limus
1017 3134 1176 3200 adhaesit.

276 3237 476 3316 (‘creterrae'
499 3246 532 3304 et
556 3239 612 3303 alii
636 3240 730 3305 codd.
755 3245 789 3303 et
810 3240 1054 3304 uetustissimus
1078 3235 1300 3318 Blandinius.)

191 3405 296 3471 Carm.
321 3407 368 3471 Ill
395 3413 444 3482 18,
469 3411 488 3472 7
511 3409 605 3474 multi
629 3410 723 3475 libri:

438 3563 465 3627 si
489 3568 582 3628 tener
604 3564 700 3647 pleno
724 3565 813 3631 cadit
834 3565 959 3630 haedus
982 3586 1077 3644 anno,

436 3666 529 3749 larga
552 3689 612 3733 nec
636 3668 754 3734 desunt
777 3667 915 3734 Ueneris
939 3666 1044 3734 sodali

437 3770 518 3834 uina
541 3777 713 3837 creterrae.
826 3844 829 3849 Δ

276 3921 316 3985 do
347 3924 448 3986 sacris
478 3925 587 4004 agitur
616 3931 649 3989 et
678 3948 717 3991 ex
747 3931 891 3991 creterra
925 3926 985 3991 deo
1019 3923 1151 4003 libatur,
1186 3922 1244 3987 sed
1277 3942 1342 3985 non

189 4025 295 4107 ipsum
319 4045 379 4090 uas
404 4023 464 4090 deo
488 4025 673 4091 dedicatum
697 4034 757 4093 est.
802 4096 806 4104 ,
1277 4020 1279 4025 ’

276 4127 416 4206 Persius,
440 4127 535 4194 Satir.
561 4128 592 4192 Il
617 4134 666 4209 52,
690 4131 769 4195 item
793 4131 833 4194 de
857 4132 1039 4196 crateribus
1062 4128 1223 4214 profanis:

377 4283 404 4346 si
427 4282 487 4346 tibi
512 4291 673 4349 creterras
697 4285 825 4366 argenti
847 4284 1027 4368 incusaque
1050 4284 1162 4367 pingui

378 4407 457 4450 auro
482 4384 567 4450 dona
589 4386 692 4451 feram
715 4422 757 4432 -

226 4549 228 4555 '
276 4539 456 4604 ‘creterras’
481 4539 575 4605 codd.
600 4539 704 4605 Uatie.
728 4547 762 4606 et
784 4541 1017 4623 Montepessul.
1042 4544 1114 4604 ala.
