3068 5152
601 418 603 424 .
715 367 774 428 107

169 550 263 615 Uoss.
289 551 342 630 21)
372 551 520 629 sumitur,
555 551 611 633 qui
640 551 686 616 sic
716 549 972 633 interpolarent:
1006 554 1112 634 ‘quasi
1144 555 1317 635 ignorante

168 653 239 735 ipso
264 653 392 736 conqu.’
426 659 461 716 at
483 653 517 715 in
539 651 644 717 Uatia.
669 652 856 734 Regsblor.
881 653 909 718 G
931 653 1012 718 Bud.
1037 654 1222 719 Uindobon.
1247 656 1318 738 qui-

168 755 306 820 busdam
324 755 397 820 aliis
416 761 482 819 est:
507 775 584 835 qnae
605 761 817 835 quaerentnr,
841 756 904 820 hoc
917 763 969 821 est
980 761 1189 839 quererentur,
1213 759 1319 839 prima

127 908 129 912 .
168 859 267 922 huius
290 858 385 922 uerbi
409 858 536 941 syllaba
559 857 610 923 bis
629 859 763 940 scripta,
785 859 874 941 prius
893 877 1004 940 praue.
1041 859 1192 924 similiter
1210 880 1319 924 emen-

169 961 310 1024 dandum
331 960 379 1024 III
401 965 448 1039 lo,
468 964 486 1022 7
504 960 608 1024 010101
619 960 863 1031 Atheniensium
888 961 1057 1041 Philippus
1073 967 1169 1041 pater
1190 963 1317 1027 innoce-

166 1061 265 1142 batnr,
293 1063 350 1127 ubi
383 1062 486 1128 uerba
514 1063 565 1126 ‘ad
594 1063 685 1127 haec’
715 1061 1080 1129 01110’·Ἀ11101110111111111’
1106 1064 1221 1142 deleui,
1245 1085 1319 1148 par-

168 1164 301 1230 ticulam
334 1166 500 1249 sequentis
523 1165 617 1229 uerbi
641 1186 712 1228 esse
736 1166 926 1231 arbitratus,
971 1188 1047 1231 nam
1071 1167 1123 1231 ‘ad
1145 1166 1246 1231 haec'.
1259 1189 1319 1249 pro

170 1267 648 1350 ι1100101001,1101111111101110
678 1268 769 1346 dixit,
805 1290 865 1333 nec
900 1271 927 1333 si
961 1271 1033 1350 quis
1065 1269 1152 1332 hunc
1186 1291 1320 1334 sensum

167 1369 349 1434 desiderari
371 1377 463 1434 ratus
486 1370 538 1434 ‘ad
561 1369 630 1434 hoc'
654 1370 786 1450 scribat,
814 1372 847 1435 id
871 1394 985 1436 uerum
1008 1374 1059 1450 sit,
1089 1371 1143 1435 uel
1166 1373 1244 1454 quia
1267 1371 1319 1436 ‘ad
1412 1392 1415 1397 ⁴

167 1472 239 1537 hoc’
257 1475 362 1555 primo
387 1474 546 1536 enuntiati
568 1473 641 1536 Ioco
664 1474 849 1556 ponendum
874 1482 954 1539 erat.
992 1473 1046 1556 (de
1071 1474 1178 1538 mendi
1201 1493 1319 1554 genere

167 1574 207 1640 01.
226 1576 252 1638 V
272 1583 300 1656 4,
320 1580 348 1653 7,
366 1575 423 1639 ubi
447 1575 499 1639 ‘ad
523 1575 620 1639 mare’
644 1576 867 1659 dittographia
885 1598 997 1641 eorum
1021 1597 1104 1659 quae
1128 1584 1318 1657 sequuntur,

169 1678 221 1743 ‘ad
243 1677 420 1743 meridiem’
444 1677 518 1757 011).
1163 1731 1165 1734 ,

297 1780 362 1844 ibd.
386 1778 403 1862 ἓ
427 1785 465 1844 al
491 1781 666 1864 recipiend.
691 1780 858 1845 01110110.
883 1782 962 1864 Reg.
985 1781 1071 1845 Flor.
1095 1781 1123 1846 G
1148 1782 1319 1861 perniciern

39 1888 43 1894 '
167 1884 232 1962 001,
257 1884 353 1967 quod,
378 1884 455 1964 quia
477 1885 505 1947 is
528 1905 606 1947 usus
628 1883 763 1947 librario
786 1885 919 1966 ignotus
943 1891 1023 1962 erat,
1046 1884 1164 1965 reliqui
1181 1885 1213 1948 in
1235 1885 1318 1966 ‘per-

169 1987 286 2050 niciem
310 1986 410 2050 suarn’
434 1993 612 2050 mutarunt.
659 1986 715 2049 sed
747 1985 785 2050 of.
812 1987 836 2047 V
861 1990 888 2065 3,
915 1991 952 2048 18
977 1987 1173 2069 ‘contemptu
1204 1987 1262 2050 sui’
1286 1993 1319 2051 et

173 2088 213 2174 VI
236 2092 264 2167 9,
288 2093 306 2152 2
330 2089 534 2170 ‘conspectus
558 2088 678 2152 uestri'.
1257 2100 1261 2107 '

301 2197 392 2269 1114
421 2191 514 2254 editt.
545 2190 665 2254 adhuc:
702 2189 811 2271 qaibns
841 2193 972 2273 quisque
998 2190 1119 2273 dacibus
1148 2189 1316 2271 1101010001,

168 2292 336 2373 imperinm
359 2290 538 2372 obtinerent,
562 2295 717 2358 decretnrn
739 2299 786 2358 001
793 2314 804 2371 ,·
827 2294 978 2358 Perdicca
999 2300 1035 2358 nt
1052 2313 1121 2357 0001
1138 2315 1209 2375 repe
1227 2299 1317 2357 00001.

169 2397 391 2478 recipiendum
414 2417 453 2459 ex
476 2395 638 2460 Uaticano
662 2397 773 2461 codice
798 2402 830 2458 ut
853 2397 1032 2461 obtinerent.
1074 2417 1149 2460 nam
1173 2393 1316 2473 Curtius,

169 2499 196 2561 si
224 2500 486 2563 coniunctionem
515 2500 623 2580 priore
657 2499 802 2564 membro
836 2500 1007 2576 omisisset,
1043 2520 1100 2562 cur
1135 2500 1317 2582 posteriore

168 2600 350 2678 I‘Perdicca
372 2601 430 2679 ut')
455 2623 526 2666 eam
550 2601 755 2666 addidisset?
1298 2603 1300 2607 ’

297 2704 363 2768 ibd.
388 2703 404 2786 ἓ
430 2707 447 2767 6
471 2703 578 2768 Uatia.
592 2704 670 2785 Reg.
696 2705 785 2769 solus
809 2713 911 2770 recte:
937 2710 967 2768 et
989 2706 1114 2785 quiden
1136 2724 1222 2783 0000,
1240 2723 1318 2785 qaas

170 2806 302 2888 qaisqne
325 2827 398 2888 opes
422 2808 540 2871 dinisis
562 2807 687 2887 irnperii
702 2807 852 2888 partibas
877 2805 1048 2883 tnebantar‚
1080 2807 1141 2886 doci
1162 2806 1317 2883 10011000-

169 2915 252 2988 1001,
288 2910 345 2974 11111
381 2911 466 2973 ‘suas
501 2909 574 2992 ipsI’
609 2930 648 2972 ex
683 2930 744 2973 usu
779 2911 937 2990 sermonis
972 2930 1031 2990 pro
1056 2911 1141 2972 ‘suas
1164 2906 1317 2990 ipsornm’

170 3012 302 3076 dicitur.
353 3012 391 3076 01.
427 3009 492 3076 Cic.
527 3012 617 3076 0101.
653 3010 685 3073 II
718 3015 745 3090 2,
782 3017 800 3076 8
836 3009 985 3075 ‘Crassus
1020 3018 1052 3074 et
1084 3011 1244 3074 Antonius
1278 3030 1318 3073 ex

171 3114 303 3195 scriptis
327 3117 479 3196 cognosci
501 3116 564 3196 ipsi
587 3115 654 3178 suis
677 3135 741 3179 non
764 3113 961 3197 potuerunt’.
991 3113 1061 3176 Liu.
1082 3111 1207 3175 XXIIII
1231 3114 1319 3188 38‚2

170 3217 253 3281 ‘eam
282 3216 428 3280 fraudem
457 3206 572 3281 uestra
600 3217 662 3298 ipsi
684 3219 807 3282 uirtute
830 3216 988 3296 uitastis’3
1023 3214 1122 3279 eiusd.
1151 3213 1320 3278 XXXVIII
1405 3249 1407 3253 ν

171 3321 223 3397 47,
247 3322 266 3381 7
290 3322 436 3384 ‘causam
459 3319 548 3403 apud
572 3341 632 3383 uos
656 3321 890 3385 accusantibus
908 3321 988 3384 meis
1007 3320 1076 3401 ipse
1093 3317 1318 3398 legatisdico'.

172 3423 215 3485 ‘et
238 3422 378 3504 quidem’
403 3433 514 3486 autem
543 3423 657 3487 eodem
689 3424 785 3488 modo
816 3424 1111 3513 coniungunturet
1134 3440 1161 3483 0.
1185 3425 1215 3498 4,
1239 3425 1251 3481 l
1279 3421 1320 3483 ‘et

172 3523 305 3606 quidem
328 3527 453 3589 externi
476 3526 584 3590 moris’
609 3534 641 3589 01
664 3547 761 3613 saepe
785 3527 871 3608 apud
896 3525 979 3590 alios
1005 3515 1190 3606 scriptores.

298 3625 366 3690 ibd.
401 3626 417 3709 ἓ
454 3632 492 3690 14
526 3626 633 3692 Uatia.
664 3630 742 3710 Reg.
772 3635 805 3694 et
834 3627 974 3694 Uindob.
1005 3624 1182 3692 admodum
1216 3619 1319 3688 recte:

169 3747 261 3808 saepe
283 3734 362 3792 certe
384 3731 492 3794 andito
519 3736 584 3794 erat
604 3750 670 3794 non
680 3731 867 3810 Alexandri,
890 3730 1098 3810 Antipatrum
1120 3727 1242 3809 repinrn
1265 3727 1320 3791 ad-

169 3830 286 3910 fectare
317 3833 485 3914 fastipinnc
513 3835 721 3916 rnaiorencqac
750 3854 818 3898 0000
843 3834 996 3914 praefecti
1026 3827 1136 3910 opibns
1165 3850 1201 3894 ac
1229 3828 1319 3893 t'tnbo

172 3932 331 4013 Spartana
358 3936 493 4015 uictoria
520 3936 675 4016 inflatam,
711 3936 817 4000 ornnia
840 3956 859 4001 0
880 3957 912 4000 00
936 3937 1009 4000 data
1032 3935 1227 4000 adserentem
1249 3930 1319 3996 sibi.

171 4036 366 4101 deteriores:
393 4039 499 4101 ‘titulo
513 4036 695 4120 Spartanae
717 4040 876 4104 uictoriae
900 4037 1067 4115 inflatnm’,
1091 4037 1139 4099 ita
1156 4034 1320 4099 ut‘titqu’

171 4139 253 4203 haec
265 4139 458 4222 significatio
471 4140 590 4219 ‘laudi’,
615 4162 713 4223 quam
727 4139 929 4225 frequentem
942 4162 1015 4206 esse
1034 4138 1122 4206 haud
1140 4137 1319 4214 abnuerim,

171 4239 276 4305 detur.
323 4242 381 4306 sed
404 4242 445 4306 ad
470 4264 601 4308 sensum
625 4243 729 4309 multo
753 4246 863 4308 uerior
893 4251 1059 4310 structura
1088 4251 1146 4324 est,
1180 4246 1207 4310 si
1241 4246 1320 4328 quo·

171 4345 260 4406 niam
283 4346 424 4408 uictoria
446 4345 725 4429 Megalopolitana
748 4347 921 4429 superbiae
939 4348 1105 4430 Antipatri
1127 4368 1228 4413 causa
1251 4368 1320 4412 esse

171 4445 301 4524 dicitur,
335 4467 374 4510 ea
403 4449 471 4511 eius
501 4447 605 4529 gloria
633 4449 686 4513 hic
713 4448 767 4512 uel
793 4449 976 4514 subiectum
1001 4449 1183 4514 sententiae
1206 4449 1244 4513 fit
1266 4450 1320 4514 uel
1422 4461 1432 4475 ‘
