3068 5152
742 357 830 418 12«

185 540 295 605 tribui.
331 563 405 605 nam
431 563 490 607 nec
511 541 660 607 rebellare
673 542 733 606 VII
752 547 781 622 8,
806 546 843 606 21
864 542 957 625 nec§
979 546 1019 608 30
1036 543 1176 622 colimur,
1201 551 1336 627 propter

60 712 63 717 ,
144 636 147 643 ’
187 650 283 709 uetus
312 645 428 710 uitium
456 643 587 710 collibus
616 643 738 729 duplici
767 646 881 712 littera
909 646 921 710 l
949 645 1115 730 scriptum,
1150 646 1336 712 difficiliora

187 768 284 829 quam
307 769 367 831 pro
392 754 577 813 correctore
601 769 672 813 esse
696 747 824 832 puto.*)

272 850 342 914 lam
372 872 494 930 eorum,
529 851 585 934 qui
619 872 705 916 nunc
734 857 819 928 sunt,
854 850 1002 916 codicum
1030 853 1154 934 origine
1185 858 1217 917 et
1243 851 1337 917 uelut

187 952 427 1018 necessitudine
458 955 657 1036 inuestigata
690 954 731 1019 ad
760 953 965 1019 membranas
988 953 1091 1020 Modii
1125 953 1336 1021 excutiendas

163 1056 293 1134 uenio,
327 1077 410 1139 quae
446 1078 498 1122 res
528 1058 627 1121 etiam
658 1057 699 1122 ad
722 1058 860 1121 mixtum
884 1061 902 1120 2
927 1056 1040 1123 classis
1063 1057 1210 1123 codicum
1234 1078 1336 1140 genus

187 1158 441 1241 intellegendum
475 1159 663 1244 pertinebit.
710 1165 867 1244 quattuor
899 1160 999 1241 igitur
1031 1159 1124 1225 libris
1148 1161 1182 1224 F.
1207 1160 1337 1226 Modius

188 1283 267 1326 usus
280 1263 338 1341 est,
353 1261 550 1343 Coloniensi,
570 1262 806 1344 sigebergensi,
825 1263 987 1341 Thosano,
1006 1263 1175 1346 Brugcnsi,
1199 1284 1338 1346 quorum

188 1364 253 1431 duo
287 1367 444 1447 postremi
473 1366 637 1430 rarissime
668 1367 709 1431 ab
733 1387 771 1431 eo
795 1371 1091 1432 commemorantur
1114 1373 1147 1431 et
1169 1365 1222 1430 hic
1245 1387 1265 1430 a
1287 1388 1337 1429 me

189 1469 408 1552 praetermitti
447 1474 595 1551 possunt.
662 1469 782 1552 reliqui
820 1470 944 1534 animos
977 1475 1108 1534 nostros
1141 1490 1338 1552 magnopere
1395 1456 1399 1461 ¹

189 1571 366 1636 aduertant
395 1576 535 1654 oportet,
569 1572 646 1653 quia
669 1573 709 1636 iis
732 1572 890 1637 adhibitis
913 1572 976 1636 iam
1001 1580 1093 1637 sexto
1118 1572 1243 1637 decimo
1268 1593 1338 1637 sae-

129 1737 132 1743 ,
188 1674 260 1751 culo
284 1659 387 1739 ue'rba
400 1673 506 1739 Curtii
528 1675 560 1738 in
585 1674 721 1740 eandem
744 1675 892 1754 sormam,
916 1675 949 1738 in
972 1695 1069 1757 quam
1092 1695 1179 1740 nunc
1199 1674 1338 1740 Parisini

191 1799 293 1860 opera
314 1776 360 1856 fit,
383 1777 597 1842 multifariam
620 1777 738 1842 doctus
760 1778 856 1842 homo
879 1799 1035 1843 reuocare
1059 1780 1175 1860 potuit.
1210 1779 1242 1857 ii,
1266 1799 1340 1841 cum

190 1901 210 1944 a
232 1881 342 1946 Modio
365 1881 516 1964 usurpati
539 1886 659 1960 essent,
682 1887 798 1964 postea
820 1880 1070 1961 interciderunt,
1099 1880 1155 1946 sed
1179 1901 1252 1945 cum
1274 1880 1339 1944 illis

190 1984 384 2064 cognatione
408 1984 609 2063 coniunctus,
634 1985 705 2067 suis
724 1990 833 2048 tamen
857 1984 948 2049 uitiis
966 1983 1114 2067 degener,
1139 1982 1242 2048 codex
1254 1982 1339 2046 Oxo-

190 2087 313 2151 niensis
348 2086 458 2168 (Mem.
494 2084 572 2152 (lan.
607 2087 677 2152 Lat.
718 2087 800 2169 136),
840 2108 936 2170 quem
969 2094 1083 2153 nostra
1116 2092 1224 2151 aetate
1260 2085 1338 2150 Otto

191 2189 383 2254 Schuessler
404 2190 556 2273 protulit,¹
575 2212 646 2256 esse
669 2190 807 2255 uidetur.
853 2212 929 2257 suos
952 2191 1081 2257 codices
1104 2190 1233 2254 Modius
1257 2191 1338 2254 satis

191 2298 380 2358 constanter
403 2293 458 2359 ille
481 2293 612 2378 quidem
637 2299 768 2360 secutus
793 2300 851 2374 est,
875 2294 932 2360 sed
949 2295 1027 2377 quia
1044 2315 1084 2358 ex
1106 2294 1235 2358 illorum
1259 2298 1339 2356 tem-

190 2417 305 2478 porum
334 2398 570 2462 consuetudine
601 2417 825 2480 quaecumque
849 2398 991 2482 aliquam
1016 2396 1193 2462 utilitatem
1217 2395 1339 2460 habere

191 2497 390 2564 uidebantur
423 2501 621 2585 excerpebat
654 2521 794 2584 raroque
823 2522 907 2584 quae
937 2499 1069 2566 inutiles
1099 2501 1278 2582 scripturae
1307 2499 1337 2562 ei
1454 2565 1462 2581 ⁴

191 2600 321 2667 fuerant
344 2603 376 2666 in
399 2602 494 2668 Notis
517 2602 655 2682 Oriticis,
680 2624 761 2687 quas
785 2603 927 2683 uocauit,
951 2602 1104 2683 addebat,
1129 2603 1339 2668 collationem

97 2782 102 2795 ,ἱ
192 2704 341 2769 codicum
366 2728 438 2770 cum
463 2707 487 2771 P
510 2706 603 2771 nobis
633 2706 799 2772 difficilem
828 2707 980 2772 reddidit.
1024 2727 1224 2790 quamquam
1258 2705 1339 2769 illud

192 2807 289 2888 plane
318 2809 532 2893 intellegitur,
567 2799 709 2876 Parisini
737 2810 857 2875 codicis
888 2811 1086 2894 scripturam
1111 2809 1243 2892 saepius
1266 2829 1339 2872 cum

191 2910 259 2975 illis
280 2933 376 2996 quam
406 2934 478 2979 cum
507 2915 626 2979 ceteris
655 2912 748 2978 libris
777 2933 965 2995 congruere.
1011 2914 1081 2978 eius
1109 2911 1340 2990 similitudinis,
1409 2998 1411 3002 Α

192 3036 275 3098 quae
298 3014 339 3079 ab
362 3015 435 3082 aliis
459 3019 522 3081 iam
546 3025 798 3082 commemorata
822 3022 880 3095 est,
904 3038 1003 3081 unum
1027 3024 1059 3081 et
1082 3016 1221 3080 alterum
1244 3015 1360 3091 modo·

192 3119 375 3202 exemplum
414 3120 468 3184 hic
507 3141 609 3203 pono,
649 3119 768 3201 quibus
810 3119 890 3184 locis
924 3121 1090 3202 scriptura
1123 3119 1262 3183 Parisini
1297 3116 1338 3181 ab

192 3221 353 3287 Hedickio
377 3244 441 3286 non
464 3228 555 3287 reete
578 3228 713 3288 enotata
736 3229 794 3288 est.
839 3223 930 3288 uelut
952 3217 1053 3301 1116,
1080 3227 1118 3286 17
1142 3228 1175 3286 et
1197 3221 1283 3286 Mod.
1308 3227 1340 3284 et

193 3325 216 3387 P
241 3324 448 3390 admiratione
471 3326 570 3391 dediti
587 3326 615 3389 ai
630 3325 770 3404 faeriat;
792 3324 849 3389 sed
868 3345 947 3389 uera
966 3331 1017 3389 est
1031 3331 1217 3390 ‘ceterorum
1236 3325 1338 3407 scrip-

190 3435 267 3493 tura
293 3429 500 3493 admirationi
528 3429 626 3493 dediti
652 3428 783 3507 fuerint.
829 3427 892 3492 llll
919 3431 966 3507 13,
998 3433 1016 3491 8
1039 3428 1169 3493 Modius
1187 3428 1339 3509 praciam,

191 3531 276 3595 idem
304 3532 338 3596 in
361 3532 386 3595 P
412 3538 425 3595 l
460 3554 499 3596 m.
522 3529 624 3598 fuisse
652 3531 800 3612 uidetur,
834 3536 917 3595 2m.
941 3530 986 3611 id,
1020 3531 1109 3614 qnod
1137 3553 1251 3595 uerum
1281 3537 1340 3608 est,

184 3633 376 3714 praecipitis
409 3635 610 3699 restitutum.
655 3636 722 3700 ibd.
749 3640 796 3715 16,
822 3632 1337 3700 24001.oumBud.et0x0n.

189 3737 323 3800 isiacae
355 3759 414 3820 pro
448 3738 564 3818 iniere3
603 3739 636 3803 in
671 3738 704 3816 P,
738 3746 915 3821 antequam
950 3736 1033 3803 duae
1067 3744 1175 3802 tresue
1210 3737 1339 3801 litterae

192 3860 307 3904 erasae
332 3847 418 3919 sunt,
453 3849 511 3906 aut
532 3841 618 3906 idem
641 3841 704 3907 fuit
726 3848 783 3906 aut
805 3840 951 3905 iaiacare.
997 3840 1057 3904 Vll
1080 3845 1109 3917 2,
1136 3843 1174 3903 19
1198 3839 1283 3903 Mod.
1307 3844 1341 3903 et

190 3941 215 4005 P
227 3942 449 4024 macedoniam,
470 3966 568 4028 quam
581 3945 736 4009 adiectiui
747 3943 885 4009 formam
898 3948 931 4007 et
943 3964 1052 4007 raram
1065 3948 1098 4006 et
1109 3941 1196 4025 apud
1209 3943 1341 4006 nomina

190 4067 299 4110 rerum
325 4046 380 4109 uix
402 4047 553 4112 Latinam
578 4069 597 4112 a
619 4046 730 4112 Modio
759 4049 791 4111 in
815 4046 989 4112 editionem
1013 4044 1117 4110 Curtii
1145 4047 1247 4129 recipi
1277 4066 1340 4109 uon

192 4152 349 4234 oportuit.
383 4150 449 4216 ibd.
468 4156 498 4230 8,
522 4157 541 4214 4
564 4151 699 4216 membr.
712 4149 799 4215 Mod.
812 4150 881 4215 etP
900 4153 1079 4214 acceleraret
1099 4171 1159 4232 pro
1184 4147 1340 4228 singulari

192 4276 327 4321 numero
350 4289 392 4301 -
414 4258 470 4319 ret.
516 4261 551 4319 at

195 4411 320 4418 --—--—
326 4410 417 4417 -..η-...η

213 4491 240 4558 *)
259 4490 327 4546 VIII
344 4495 370 4558 8,
390 4494 507 4560 tlnon,
536 4498 569 4548 ut
590 4492 698 4562 Hugius
726 4492 855 4558 affirmat,
882 4491 951 4546 inP
974 4495 1039 4560 post
1066 4492 1148 4546 aulae
1176 4490 1339 4558 copulatius.

260 4581 421 4635 coniunctio
441 4580 535 4648 deest3
555 4583 597 4634 ost
615 4579 688 4634 onim
707 4584 784 4634 certa
802 4580 864 4634 aaa
881 4578 919 4633 ct.
