3068 5152
710 414 770 474 103

292 598 313 651 P
470 595 562 651 Uatic-
580 554 649 664 iteg.
668 597 717 650 971
865 595 897 663 B¹
1028 594 1030 694 J
1077 596 1178 665 reliqui
1196 595 1277 652 codd.

194 707 233 766 40
246 712 315 784 post
332 708 442 766 confes·
454 711 523 782 post
575 706 734 764 confessio·
745 710 814 783 post
870 706 1023 764 confessio·
1036 706 1101 764 alii:
1120 711 1187 781 post
1201 707 1312 766 confes·

290 795 400 851 sionem
475 812 542 850 nem
565 792 652 849 etiam
670 791 734 867 phi·
765 812 832 850 nem
852 792 940 849 ctiam
953 788 1023 869 'phi-
1057 793 1167 850 sionem
1225 793 1313 850 ctiam

261 879 350 937 etiam
378 878 443 956 phi·
474 879 551 935 lotas
575 878 735 934 amicorum
766 878 841 935 lotas
864 878 1025 935 amicorum
1056 897 1152 953 neque
1202 879 1311 936 amico·

260 964 338 1022 lotas
372 965 443 1022 ami·
475 962 708 1021 misericordiam
766 962 1002 1021 misericordiam
1056 983 1136 1034 rum3
1171 964 1236 1021 alii:
1276 983 1313 1021 ne

262 1069 362 1108 corum
390 1050 444 1107 mi·
477 1051 595 1107 meruit.
767 1049 885 1107 meruit.
1057 1050 1217 1107 amicorum
1248 1050 1312 1126 qui-

257 1137 444 1194 sericcrdiam
1057 1135 1123 1192 dem
1184 1136 1311 1192 miseric.

263 1223 379 1280 meruit.
1057 1222 1172 1278 meruit.

295 1469 384 1548 Quae
409 1491 483 1535 cum
506 1469 659 1534 Uaticani
688 1468 809 1534 codicis
839 1491 912 1534 cum
934 1469 1112 1535 Parisiensi
1135 1469 1314 1535 similitudo

166 1580 261 1652 esset,
285 1576 348 1638 etsi
370 1575 569 1655 scripturam
592 1571 661 1637 eius
685 1573 811 1655 aliquid
834 1572 1048 1655 deprecatam
1066 1593 1135 1636 esse
1153 1571 1316 1652 uidebam,

165 1683 284 1754 tamen,
307 1675 365 1739 ubi
388 1676 452 1739 iam
471 1673 496 1736 P
516 1672 680 1754 deficeret,
703 1674 797 1739 illum
821 1674 964 1739 codicem
988 1673 1104 1738 utilem
1126 1674 1222 1738 nobis
1245 1674 1315 1738 fore

166 1800 231 1844 non
263 1779 425 1843 immerito
460 1778 643 1859 sperabam.
677 1799 753 1842 nam
788 1777 911 1842 ueteris
940 1777 1158 1859 Bongarsiani
1186 1778 1315 1860 prioris,

166 1881 222 1963 qui
244 1880 331 1945 idem
348 1900 387 1944 ac
408 1879 588 1945 Uaticanus
613 1879 715 1944 codex
738 1901 810 1944 esse
833 1879 1017 1953 uidebatur,
1041 1879 1224 1944 collationis
1246 1880 1326 1955 nul-1

163 1983 232 2046 lam
255 1982 323 2046 fere
346 1981 444 2045 fidem
467 2002 549 2060 esse,
574 1981 631 2046 illa
651 1983 855 2064 comparatio
867 1983 946 2046 satis
961 1981 1217 2047 demonstrabat.
1253 1983 1315 2046 ita·

165 2104 229 2169 quo
241 2084 425 2164 Augustum
436 2084 523 2162 Mau,
546 2084 709 2148 hominem
722 2085 756 2148 in
770 2084 916 2168 legendis
929 2084 1098 2149 ueteribus
1118 2083 1211 2149 libris
1234 2083 1316 2148 mul·

164 2194 234 2253 tum
257 2193 434 2264 uersatum,
459 2207 588 2251 -nam
608 2207 714 2268 neque
738 2188 874 2251 Roberti
897 2208 1002 2269 neque
1024 2187 1192 2252 Martensii
1216 2207 1318 2269 opera

166 2288 307 2373 amplius
334 2290 366 2352 in
390 2288 453 2352 hac
482 2310 517 2352 rc
547 2291 595 2353 uti
623 2295 772 2372 poteram
795 2275 846 2367 —'‚
870 2295 908 2354 ut
940 2288 1121 2372 particulas
1156 2290 1317 2372 quasdam

166 2393 283 2458 decimi
305 2391 381 2455 libri
405 2391 483 2454 mihi
507 2393 717 2472 describeret,
751 2393 876 2472 rogaui,
912 2392 1000 2473 quod
1029 2413 1111 2475 opus
1135 2392 1189 2456 ille
1213 2393 1317 2457 multa

165 2496 372 2560 humanitate
399 2498 553 2578 suscepit.
600 2502 633 2560 e't
661 2496 728 2559 iam
759 2496 900 2578 primum
928 2494 1012 2558 illud
1045 2496 1142 2578 plane
1177 2501 1318 2574 constat,

164 2597 269 2663 Uatic.
293 2598 370 2680 Reg.
401 2601 460 2661 971
488 2598 626 2679 eundem
649 2619 721 2662 esse
745 2619 841 2681 quem
864 2597 1022 2680 Bougars.
1050 2602 1083 2677 13
1117 2619 1202 2682 quae
1232 2599 1345 2663 enim'

165 2700 268 2765 uerba
290 2701 491 2784 Bongarsius
513 2702 646 2765 ineunte
675 2700 800 2765 decimo
829 2700 913 2765 libro
942 2702 977 2764 in
1012 2701 1158 2781 margine
1193 2701 1314 2765 codicis

165 2803 215 2869 sui
251 2805 433 2868 recentiore
466 2824 564 2867 manu
600 2804 723 2885 scripta
756 2805 938 2881 inuenerat,
979 2803 1093 2867 eadem
1127 2802 1247 2866 ibidem
1281 2803 1315 2865 in

165 2906 271 2972 Uatic.
296 2911 387 2984 sunt3
421 2912 497 2970 sunt
519 2911 629 2970 autem
652 2905 747 2970 haec:
782 2907 828 2970 sic
856 2904 923 2985 fuit
943 2904 1064 2985 pomsi’
1088 2924 1171 2969 cauo
1194 2903 1315 2968 domiai

164 3006 457 3074 MOOOOXVHI
475 3008 521 3090 (.)
545 3028 650 3073 mense
671 3007 763 3074 ionii.
799 3008 916 3072 deinde
940 3008 1068 3071 cumin
1092 3009 1201 3090 priore
1225 3007 1315 3071 Pari-

165 3112 228 3176 sini
256 3111 377 3176 lacuna
399 3111 580 3176 Uaticanus
608 3118 641 3176 et
674 3112 745 3194 ipse
780 3110 911 3175 deficiat
933 3145 974 3154 —
997 3111 1107 3174 omnia
1135 3111 1220 3174 enim
1243 3131 1264 3175 a
1285 3108 1315 3172 X

166 3220 195 3293 2,
214 3224 232 3281 8
255 3215 292 3278 t'o
306 3213 451 3295 patriam
471 3215 616 3279 remissis
634 3235 739 3297 usque
757 3215 798 3277 ad
818 3218 846 3291 5,
868 3217 907 3276 18
924 3217 1047 3293 partem
1068 3213 1169 3277 Asiae
1192 3214 1316 3278 omittit

165 3318 263 3381 -in
293 3319 444 3381 extremis
472 3317 548 3381 libri
572 3316 735 3400 capitibus
758 3318 940 3399 scripturae
964 3316 1032 3379 cius
1056 3315 1098 3378 ad
1121 3315 1184 3380 hoc
1207 3338 1314 3380 emen·

166 3419 267 3484 dandi
284 3425 434 3485 nostrum
453 3440 536 3502 opus
555 3441 575 3484 a
597 3420 693 3484 nobis
716 3418 864 3484 adhiberi
888 3425 1041 3501 possunt;
1066 3439 1148 3501 quas
1172 3421 1219 3484 sic
1242 3440 1315 3484 cum

166 3522 284 3587 ceteris
307 3521 474 3587 codicibus
498 3521 677 3587 conferam:

269 3793 380 3848 codices
399 3793 490 3847 adbuc
509 3793 616 3863 cogniti
908 3791 997 3847 Uatio.
1016 3792 1085 3861 Reg.
1103 3794 1152 3846 971

166 3922 189 3962 c.
216 3905 244 3975 8,
271 3904 308 3962 15

382 4008 469 4065 quam
492 3990 517 4047 si
1007 3990 1064 4045 nisi

246 4073 398 4150 plerique:
412 4073 726 4132 dedidissetsedBnd.
973 4073 1101 4132 dedisset

208 4158 329 4218 Florl)
352 4160 377 4217 F
400 4159 425 4217 G
447 4160 475 4216 H
498 4159 513 4216 I
535 4158 660 4217 Bern.B
680 4160 726 4218 ed.

208 4245 283 4304 Mer.
307 4245 391 4303 Ald:
417 4246 547 4303 dedisset

169 4333 205 4389 16
304 4333 368 4390 alii:
392 4333 439 4390 iis.
485 4332 550 4389 alii:
575 4333 599 4388 is
1024 4332 1050 4387 is

209 4417 275 4477 alii:
300 4438 317 4475 a
340 4419 432 4494 regia.
473 4417 539 4475 alii:
565 4436 580 4473 e
603 4417 694 4493 regia.
980 4435 995 4472 e
1018 4417 1101 4491 regia

170 4504 206 4561 19
377 4504 521 4577 sanguine
948 4502 1124 4575 sanguinem
