3068 5152
747 392 787 451 47

190 579 336 639 extrema
359 575 410 638 sui
433 581 527 658 parte
551 577 717 641 sententia
745 577 827 640 uitio
855 576 994 657 laborat,
1029 579 1056 641 si
1091 578 1222 661 quidem
1250 578 1337 661 aliud

189 677 399 759 participium
432 675 537 742 futuri
571 679 727 761 temporis
757 679 896 744 uerbum
925 680 1169 745 substantiuum
1193 679 1334 758 Curtius,

189 779 222 842 in
256 778 319 844 hoc
351 779 453 845 uerbo
486 782 779 863 praetermittendo
809 782 946 846 multum
976 783 1063 848 intra
1088 805 1166 849 usus
1190 783 1337 848 Sallustii

189 881 361 965 Tacitique
383 883 541 947 terminos
565 885 733 962 resistens,
758 906 917 968 nusquam
941 886 1005 950 nisi
1022 887 1056 949 in
1074 886 1225 952 infinituo
1243 887 1339 950 modo

190 984 322 1048 omittit.
370 985 539 1069 scripsisse
573 987 674 1067 igitur
706 986 850 1052 uidetur:
884 988 918 1051 im
950 987 1061 1052 mtimo
1096 988 1278 1068 discrimine
1311 995 1341 1053 rt

188 1088 336 1168 fortunae
360 1093 431 1152 tuoe
453 1093 484 1151 ct
504 1089 589 1154 uitae
616 1086 664 1154 bic
692 1091 759 1154 dies
782 1095 837 1154 md
856 1091 1032 1170 parricidis
1054 1098 1111 1156 om
1131 1091 1190 1155 tibi
1211 1091 1339 1171 diturus

190 1195 239 1254 cst
259 1190 400 1255 altimus.
447 1193 622 1272 exciderat,
646 1199 683 1258 ut
706 1214 804 1277 saepe
826 1192 872 1273 fit,
897 1192 964 1259 ‘est’
988 1201 1064 1277 post
1086 1231 1128 1239 —
1150 1217 1200 1260 us.

321 1297 369 1373 12,
393 1298 411 1358 9
435 1296 623 1378 recipienda
646 1285 860 1361 Freinshemii
884 1298 1072 1362 coniectura
1101 1303 1147 1361 tot
1168 1319 1227 1380 pro
1251 1294 1339 1363 ‘tum’

191 1393 282 1475 (ante
305 1395 492 1477 ‘armatis’);
525 1419 602 1463 nam
630 1399 782 1464 custodes
811 1400 906 1480 regis,
939 1399 1002 1482 ipsi
1031 1400 1187 1464 uidelicet
1209 1401 1337 1479 armati,

190 1500 327 1564 armatis
356 1500 487 1582 quidem
511 1522 607 1583 pares
630 1510 732 1581 crant,
766 1502 833 1580 sed,
867 1502 989 1585 quippe
1013 1503 1068 1586 qui
1097 1505 1194 1586 pauci
1218 1508 1339 1582 essent,

190 1602 313 1684 paucis,
336 1623 401 1666 non
425 1603 575 1668 omnibus
598 1605 790 1669 Bactrianis.

189 1788 199 1796 .
322 1709 371 1784 12,
402 1709 439 1785 16
467 1706 492 1769 Ρ
527 1729 600 1772 cum
634 1708 801 1773 codicibus
835 1708 962 1789 aliquot
994 1709 1248 1773 recentioribus:
1282 1705 1340 1774 rec

192 1808 416 1888 cammpoallo
440 1814 512 1873 mite
532 1815 692 1889 aestaset
721 1813 851 1874 deorum
878 1812 1033 1891 auspici-is
1062 1831 1081 1876 a
1115 1811 1229 1894 (ceteri
1263 1812 1341 1876 libri

192 1909 262 1990 ‘adl
290 1911 361 1976 mis
388 1911 558 1977 bonoribus
587 1912 701 1978 cultus.
747 1915 810 1978 loci
834 1935 932 1978 sensu
956 1913 1038 1978 bene
1061 1915 1229 1980 intellecto
1252 1916 1339 1998 priu-

163 2033 269 2096 ‚ceps
303 2013 425 2092 Iunius,
465 2023 540 2098 post
581 2037 652 2080 eum
687 2016 815 2080 llodius
849 2016 970 2099 aliique
1004 2024 1132 2082 ueteres
1167 2017 1341 2083 ediderunt

192 2115 338 2180 ‘deorum
362 2138 381 2180 a
405 2119 472 2181 suis
496 2118 673 2183 honoribus
697 2119 822 2200 cultus',
851 2121 884 2184 id
908 2128 967 2198 est,
990 2142 1087 2203 quem
1111 2122 1159 2184 sui
1183 2127 1221 2185 ut
1242 2121 1340 2186 deum

190 2220 341 2284 uenerati
377 2227 479 2301 erant,
513 2221 551 2287 cf.
578 2222 689 2286 ‘diuini
722 2222 872 2288 honores'
895 2223 959 2287 llll
983 2227 1010 2299 7,
1036 2227 1085 2301 28,
1115 2228 1148 2287 et
1170 2223 1340 2300 fcaelestcs

191 2327 341 2393 honores’
364 2327 393 2390 X
417 2332 445 2407 5,
471 2330 499 2389 6.
545 2325 602 2389 sed
631 2325 719 2408 quod
742 2325 913 2410 ‘auspiciis’
939 2333 975 2391 ut
1009 2348 1048 2390 ex
1081 2327 1194 2409 inepta
1227 2327 1340 2408 glossa

192 2431 374 2513 marginali,
398 2429 672 2513 quemadmodum
691 2428 935 2493 Freinshemius
956 2430 1011 2508 ait,
1034 2430 1065 2492 in
1090 2435 1216 2493 textum
1238 2430 1340 2493 incul-

193 2540 304 2598 catum
327 2535 515 2611 omiserunt,
538 2533 571 2596 in
595 2553 633 2596 eo
656 2532 758 2596 uerbo
782 2531 989 2610 adiectiuum,
1024 2531 1111 2615 quod
1136 2531 1179 2595 ad
1200 2532 1341 2597 ‘honori-

192 2636 265 2701 bus'
288 2637 476 2719 pertineret,
499 2636 602 2700 latere
622 2634 726 2699 uideri
745 2641 883 2717 poterat,
906 2635 1048 2700 fortasse
1066 2634 1282 2716 amplissimis,
1304 2641 1342 2699 ut

194 2740 398 2822 ‘amplissimi
420 2738 574 2804 honores’
598 2740 697 2804 etiam
721 2735 786 2802 Cic.
811 2737 851 2801 de
875 2744 957 2802 orat.
980 2737 996 2801 I
1019 2742 1080 2802 232
1104 2738 1195 2810 dixit.

323 2845 371 2922 13,
397 2847 435 2905 18
457 2842 482 2905 Ρ
506 2847 539 2905 et
562 2841 633 2906 cod.
653 2839 735 2904 Bud.
756 2840 961 2920 dissipamur,
985 2840 1073 2922 quod
1096 2839 1237 2904 libenter
1259 2841 1341 2907 reci·

173 2941 324 3028 'pimus
370 2945 472 3009 ceteri
513 2943 787 3021 dissipabantur,
827 2944 980 3007 nimirum
1014 2949 1051 3007 ut
1082 2942 1177 3007 uerbi
1212 2949 1341 3027 tempus

192 3048 369 3114 conueniat
402 3069 473 3111 cum
507 3046 723 3130 praecedente
747 3045 932 3128 ‘petebant-
977 3044 1034 3110 sed
1067 3051 1104 3110 ut
1137 3045 1178 3109 de
1211 3047 1340 3112 actione

192 3151 363 3233 praeteriti
391 3151 548 3233 temporis
576 3149 753 3232 incipiente
784 3154 818 3213 et
839 3148 1043 3231 aliquamdiu
1067 3156 1218 3213 manente
1242 3149 1340 3233 ‘pete-

191 3251 282 3318 bant'
304 3254 524 3318 necessarium
548 3258 608 3331 est,
631 3253 679 3316 ita
701 3251 734 3315 in
756 3251 858 3315 uerbo
881 3250 1063 3333 dissipari,
1085 3249 1146 3316 hoc
1169 3258 1219 3315 est
1242 3251 1282 3318 de
1305 3275 1340 3317 ro

190 3356 288 3423 simul
309 3357 486 3439 incipiente
510 3362 543 3420 et
566 3354 745 3434 desinente,
767 3354 877 3444 nullus
899 3353 1085 3439 imperfecti
1108 3354 1211 3419 locus.

278 3459 322 3523 VI
347 3464 373 3539 l,
397 3464 436 3524 20
465 3459 490 3522 P
520 3458 610 3542 (post
633 3459 794 3542 proelium
818 3458 906 3541 apud
928 3456 1161 3541 Megalepolin)
1184 3457 1341 3523 Laccdae-

190 3563 290 3627 mom'i
321 3562 404 3627 mitit
433 3562 523 3627 aliud
549 3582 644 3643 qaam
669 3566 707 3625 ut
736 3567 876 3626 oratores
903 3561 1027 3624 mittere
1049 3562 1092 3625 cd
1112 3581 1215 3642 repom
1238 3559 1343 3625 liceret

190 3672 309 3748 pratae,
348 3665 476 3729 amium
516 3665 702 3748 desectionis
739 3669 871 3743 praeter
913 3669 1057 3728 auctores
1100 3664 1340 3742 impetomermmt.

193 3769 294 3833 ceteri
328 3767 396 3832 fere
429 3767 505 3831 libri
539 3787 638 3831 manu
673 3767 786 3849 scripti
809 3767 942 3848 ‘precati
976 3767 1112 3848 geatae’.
1158 3766 1192 3829 in
1219 3767 1341 3830 uitioso

190 3871 294 3936 uerbo
328 3870 462 3953 ‘geatae'
496 3870 553 3934 alii
586 3869 676 3934 aliud
710 3869 822 3934 arcani
856 3870 959 3934 latere
998 3874 1213 3952 putauerunt,
1252 3869 1343 3933 uelut

192 3973 362 4058 Zumptius
386 3971 579 4056 ‘Tegeatae’,
613 3973 743 4055 leepius
768 3975 798 4036 ‘a
819 3971 916 4054 rege'.
962 3972 1019 4036 sed
1047 3970 1128 4035 nihil
1158 3972 1342 4036 aliudesse

190 4077 325 4142 uidetur
348 4098 446 4159 quam
470 4077 642 4159 deprauati
666 4075 786 4140 ductus
809 4074 994 4140 litterarum
1017 4076 1108 4139 uocis
1124 4076 1213 4155 pecti
1234 4074 1266 4138 id
1291 4079 1343 4139 est
1388 4115 1390 4119 «

187 4179 311 4261 precati
318 4200 329 4258 ,·
361 4185 461 4263 atque
485 4179 546 4244 hoc
569 4181 678 4261 ipsum
700 4178 792 4243 illum
816 4180 1031 4243 recentiorum
1057 4177 1206 4242 codicum
1228 4177 1342 4241 archc-

191 4283 262 4367 typi
274 4265 527 4361 emendatorem,
551 4303 622 4346 cum
643 4280 785 4365 ‘precati’
803 4283 836 4345 in
848 4281 932 4346 libro
952 4301 1010 4344 suo
1029 4280 1176 4358 adderet,
1200 4280 1341 4344 sensisse

190 4386 346 4452 arbitror.
393 4386 451 4450 sed
481 4392 670 4468 corruptam
694 4386 892 4468 scripturam
916 4383 1023 4448 delere
1046 4383 1167 4448 oblitus
1189 4381 1343 4447 mendum

191 4490 342 4568 mutauit,
364 4510 428 4553 non
452 4487 593 4552 sustulit.
