3068 5152
742 346 804 418 16Ι

215 561 234 576 “
274 543 365 620 Quae
378 549 508 626 praeter
519 542 580 607 hos
594 563 714 626 paucos
730 541 833 620 locos
858 560 940 625 quos
956 543 1026 625 ipse
1044 541 1148 622 attuli,
1173 544 1335 610 secundae

187 646 302 711 classis
321 646 489 711 codicibus
506 665 580 710 cum
597 643 759 710 Modianis
782 644 966 709 eommunia
989 653 1073 723 sunt,
1098 666 1209 710 eorum
1233 647 1336 710 multa

188 748 227 838 H.
251 748 385 825 Fossius
407 749 440 813 in
464 748 653 825 Quaestion.
688 745 841 813 Curtian,
857 770 887 831 p.
913 752 953 811 24
976 768 1023 831 sq.
1047 747 1187 829 collegit,
1210 769 1284 831 quo,
1308 750 1336 814 si

189 853 245 935 qui
278 850 361 916 haec
388 851 506 935 legent,
539 852 588 916 ita
620 851 730 930 reicio,
763 857 801 914 ut
835 850 985 934 quemuis
1018 871 1189 916 numerum
1222 872 1335 917 eorum

188 955 284 1020 facile
318 975 437 1037 augere
472 976 569 1038 posse
602 975 762 1020 moneam.
807 959 840 1018 et
873 954 1023 1031 accessit,
1056 959 1094 1018 ut
1126 975 1226 1038 supra
1259 953 1336 1034 dixi,

189 1080 294 1142 nuper
324 1058 436 1137 codex,
470 1059 527 1140 qui
555 1058 669 1122 Fossio
692 1057 822 1139 ignotus
846 1060 927 1136 erat,
962 1056 1155 1121 Oxoniensis
1179 1055 1335 1122 Schuess-

188 1161 258 1241 leri,
290 1162 346 1245 qui
369 1161 472 1225 codex
495 1167 528 1225 et
549 1161 620 1244 ipso
643 1158 781 1224 alterius
810 1159 924 1223 elassis
951 1159 1045 1224 libris
1072 1158 1336 1225 adnumerandus

189 1269 249 1344 est,
274 1262 331 1328 sed
354 1264 428 1347 plus
452 1283 549 1347 quam
573 1264 674 1328 ceteri
691 1282 763 1326 cum
776 1260 938 1327 Modianis
956 1263 1127 1343 consentit,
1149 1263 1203 1328 uel
1226 1265 1336 1346 potins

189 1367 373 1433 consentire
392 1366 539 1448 uidetur;
562 1387 639 1430 nam
657 1364 840 1449 particulae
859 1365 929 1431 eius
947 1364 1056 1431 adhuc
1073 1366 1224 1430 notitiam
1236 1365 1336 1431 habe-

190 1494 271 1537 mus.
316 1491 432 1535 uerum
461 1471 488 1534 si
511 1469 664 1534 similium
687 1474 720 1532 et
743 1489 934 1551 comparum
957 1469 1194 1551 seripturarum
1217 1490 1338 1552 magna

190 1575 285 1659 copia
302 1573 488 1646 inuenietur
514 1578 547 1636 et
568 1572 632 1637 iam
655 1573 876 1652 inuenta‘est,
904 1593 1028 1655 paucae
1051 1577 1162 1636 tamen
1186 1571 1337 1638 emenda·
1373 1600 1376 1607 ⁴

189 1678 317 1742 toribus
341 1677 413 1741 usui
436 1676 505 1742 fore
527 1675 690 1739 uidentur.
724 1695 800 1739 nam
818 1696 903 1759 quae
920 1674 1023 1740 Modii
1039 1673 1116 1739 libri
1135 1696 1155 1740 a
1172 1674 1197 1739 P
1216 1675 1336 1742 disere-

190 1781 324 1863 pabant,
348 1800 406 1844 eae
429 1778 495 1842 iam
518 1778 693 1862 pleraeque
717 1797 840 1860 prauae
864 1784 966 1842 erant.

274 1883 376 1961 Haec,
411 1903 494 1965 quae
528 1880 568 1946 de
597 1880 744 1946 codicum
769 1879 1001 1945 Curtianorum
1029 1880 1159 1946 ratione
1190 1882 1339 1962 disserui,

190 1994 367 2071 antequam
399 1986 440 2050 ad
469 1985 512 2064 id,
546 1984 634 2068 quod
664 1985 804 2048 maxime
833 1982 913 2048 mihi
947 1985 1113 2067 proposui,
1147 1983 1180 2048 id
1214 1991 1264 2051 est
1297 1985 1340 2051 ad

191 2087 429 2155 emendandum
463 2087 668 2166 accederem,
710 2085 889 2170 praefanda
923 2086 1004 2151 mihi
1039 2093 1145 2165 erant,
1186 2093 1223 2152 ut
1256 2111 1339 2172 quas

190 2193 278 2276 leges
302 2194 334 2256 in
358 2198 468 2256 cetero
493 2212 591 2274 opere
615 2212 778 2274 sequerer,
802 2196 978 2255 constaret.
1007 2191 1071 2254 iarn
1091 2189 1188 2255 huius
1212 2194 1339 2274 generis

191 2295 445 2379 disputationem
459 2295 506 2358 ita
519 2294 719 2374 concludam,
732 2300 769 2358 ut
780 2315 937 2358 summam
951 2294 1021 2358 eius
1033 2293 1146 2376 paucis
1159 2293 1338 2359 conficiam.

191 2420 230 2463 ea
241 2400 341 2481 igitur
358 2397 440 2462 haee
454 2402 518 2461 est:
543 2396 644 2462 codex
657 2396 824 2462 Parisinus
843 2399 995 2474 omnium,
1020 2397 1076 2480 qui
1093 2418 1179 2462 nuno
1196 2405 1338 2476 exstant,

191 2501 462 2566 ueterrimuaiam
482 2507 573 2564 certa
584 2501 783 2564 recensionis
795 2499 1009 2565 fundamenta
1020 2502 1116 2580 iacet;
1140 2499 1339 2584 reliquorum

191 2605 348 2684 codicum,
372 2604 429 2686 qui
451 2602 493 2667 ab
517 2625 555 2667 eo
579 2624 689 2668 omnes
712 2603 780 2667 nati
804 2610 889 2681 suut,
915 2603 978 2667 duo
1003 2608 1079 2666 sunt
1100 2624 1231 2685 genera,
1260 2624 1340 2686 quo·

190 2730 262 2772 rum
291 2707 347 2771 ubi
371 2707 403 2770 in
428 2706 553 2771 decimo
577 2705 660 2770 libro
684 2707 866 2789 particulae
889 2705 1051 2789 quaedam
1074 2705 1216 2771 Parisini
1239 2707 1339 2771 inter-

192 2811 353 2888 ciderunt,
389 2815 563 2893 utrumque
598 2807 754 2873 adhibere
783 2814 923 2892 oportet.
968 2808 1026 2873 uhi
1054 2830 1132 2873 uero
1155 2811 1189 2872 in
1210 2810 1338 2893 reliquo

192 2914 304 2978 codice
327 2913 429 2977 uerba
453 2910 556 2976 Curtii
580 2913 699 2978 uitiose
722 2912 845 2977 tradita
869 2933 941 2976 esse
971 2912 1236 2991 iudicauerimus,
1273 2912 1340 2996 ple-

191 3039 327 3101 rumque
362 3015 402 3078 ad
439 3014 677 3080 emendationis
706 3015 875 3094 medelam,
910 3036 993 3099 quae
1025 3014 1162 3080 Parisini
1191 3016 1339 3097 uestigiis

193 3120 272 3185 solis
295 3120 429 3198 nitatur,
453 3119 625 3183 decurrere
648 3139 782 3183 necesse
806 3124 871 3199 est,
895 3118 1056 3183 interdum
1087 3125 1197 3182 tamen
1221 3119 1340 3183 deteri·

193 3244 265 3286 ores
289 3223 417 3287 codices
441 3221 566 3286 utiliter
587 3221 705 3303 inspici
727 3228 874 3304 possunt,
898 3223 976 3305 quia
999 3243 1037 3286 eo
1060 3222 1196 3286 exaliis
1220 3229 1251 3286 et
1273 3244 1293 3286 a
1315 3221 1340 3284 P

195 3326 321 3390 alienae
351 3318 485 3405 originis
515 3323 607 3411 libris
635 3322 741 3388 bonae
769 3325 951 3407 scripturae
974 3331 1050 3390 sunt
1072 3325 1262 3389 translatae.
1307 3325 1339 3388 in

196 3450 261 3511 qua
290 3449 323 3491 re
354 3427 490 3491 alterius
521 3426 635 3492 classis
665 3428 768 3491 maior
802 3433 835 3491 et
867 3427 1007 3492 fortasse
1041 3428 1130 3493 solus
1164 3433 1215 3493 est
1247 3449 1341 3506 usus3

195 3552 270 3595 nam
298 3551 370 3594 eum
399 3535 409 3590 l
437 3529 552 3595 elassis
579 3528 660 3594 nihil
689 3530 770 3595 utile
800 3531 921 3595 habere
955 3531 1117 3609 uideatur,
1152 3531 1239 3614 quod
1275 3552 1340 3594 non

196 3633 296 3696 etiam
329 3634 361 3696 in
396 3633 539 3697 secunda
574 3632 626 3712 sit,
659 3632 744 3698 haex
775 3654 814 3697 ex
836 3633 1000 3699 Modianis
1029 3633 1121 3698 libris
1144 3639 1201 3697 aut
1224 3633 1340 3697 horum

196 3735 294 3800 simili
318 3736 429 3799 codice
452 3735 615 3819 quaedam
639 3738 771 3820 propria
798 3737 932 3820 recepit.
977 3737 1040 3800 iam
1070 3736 1112 3800 ad
1147 3736 1341 3821 emendandi

197 3859 277 3920 opus
312 3839 504 3920 aggrediens
538 3838 580 3903 ab
621 3839 882 3922 orthographicis
922 3838 1046 3922 aliquot
1086 3838 1341 3921 quaestiunculis

195 3941 314 4005 ordiar.

621 4075 918 4178 orthographica.

280 4249 328 4314 ΙΙΙ
344 4254 370 4329 l,
393 4252 405 4310 l
426 4250 519 4313 codd.
536 4250 757 4330 pelopoeeeso.
793 4252 871 4314 item
887 4251 951 4328 Vl,
971 4255 1008 4313 41
1028 4249 1241 4330 pelepeeeuse
1254 4255 1286 4313 et
1300 4248 1341 4312 VI

197 4357 225 4431 3,
250 4358 267 4416 2
289 4353 542 4434 peloponensem.
587 4374 693 4436 neque
717 4353 813 4418 aliter
836 4353 867 4416 io
891 4353 1020 4417 nomine
1044 4352 1172 4435 populi:
1195 4351 1244 4415 Ill
1268 4357 1294 4427 o,
1323 4354 1341 4413 8

195 4455 320 4519 laeuum
343 4475 441 4518 eoruu
456 4454 666 4534 peloponense'
688 4454 868 4534 taedentem
904 4455 962 4518 Vll
987 4461 1014 4533 4,
1039 4459 1079 4518 32
1101 4454 1341 4534 peloponensiu-

196 4579 267 4623 rem
290 4559 439 4641 defectam
461 4557 526 4620 1111
552 4561 599 4636 13,
624 4562 663 4621 29
679 4557 943 4650 peloponensium
966 4559 1096 4638 equites.
1132 4559 1164 4622 in
1189 4557 1238 4621 his
1261 4556 1342 4621 illud
