3068 5152
714 367 754 427 69

152 549 339 632 opponitur,
373 554 407 616 et
429 549 539 614 ‘nefas’
561 552 595 614 in
623 550 813 634 praedicato
835 551 965 617 looatur
987 554 1078 619 uelut
1099 553 1163 618 1111
1190 557 1236 630 10,
1263 557 1300 617 17

151 650 246 716 ‘nihil
273 649 365 716 nefas
388 673 460 717 esse
490 654 661 739 auaritiae'
684 659 717 717 et
745 652 810 718 Oia.
840 655 950 720 Milon.
981 658 1031 734 27,
1062 660 1101 720 73
1131 657 1193 721 ‘oui
1220 655 1301 720 nihil

152 775 310 838 umquam
332 753 425 819 nefas
447 755 528 820 fuit'.
552 757 765 839 -proxima
788 757 904 822 deinde
927 779 1057 842 paragr.
1075 761 1208 824 ineunte
1232 757 1301 840 (21)

154 878 215 940 pro
239 857 398 941 ‘namque'
422 857 684 923 substituendum
708 860 853 942 iamque,·
885 881 960 925 nam
984 862 1125 927 causalis
1149 863 1302 926 ooniuno·

153 961 252 1025 tionis
274 960 383 1025 nullus
405 960 459 1025 hio
482 966 580 1044 aptus
604 983 716 1026 sensus
738 967 798 1027 est.

284 1068 312 1142 5,
336 1067 376 1127 23
407 1062 555 1145 (Bessus)
589 1065 705 1128 auidus
740 1065 886 1145 explendi
919 1066 1068 1147 ampliari
1101 1067 1217 1132 adduci
1250 1087 1303 1132 eos

153 1164 246 1231 iubet.
282 1167 437 1249 quoniam
455 1167 596 1250 ‘explere
615 1167 824 1251 supplioium’
843 1168 884 1233 de
907 1170 1063 1234 sumenda
1086 1191 1191 1253 poena
1213 1171 1302 1253 oapi-

154 1269 214 1334 tali
230 1269 363 1334 aliunde
382 1270 583 1352 incognitum
601 1275 659 1349 est,
683 1271 913 1353 quaerendum,
937 1273 1021 1337 sitne
1040 1272 1134 1337 uerbi
1153 1271 1302 1354 ‘explere’

154 1393 195 1436 ea
216 1373 276 1450 uis,
298 1378 337 1437 ut
358 1371 460 1452 uerbi,
484 1371 571 1456 quod
596 1372 636 1437 de
658 1371 721 1437 hao
744 1394 778 1436 re
801 1374 944 1440 solemne
967 1380 1019 1439 est
1042 1373 1195 1458 (‘sumo’),
1225 1380 1302 1458 apte

153 1474 208 1539 hio
235 1476 308 1540 uiae
337 1475 501 1558 fungatur.
547 1497 610 1540 non
646 1496 717 1540 esse
751 1474 909 1557 arbitron
943 1498 1018 1542 nam
1052 1499 1125 1543 oum
1149 1477 1303 1542 ‘animum

154 1578 317 1662 supplicio
345 1579 485 1644 alieuius
508 1578 649 1662 explere’
671 1584 760 1644 reete
791 1579 854 1644 diei
885 1581 999 1663 possit,
1032 1581 1139 1664 ipsum
1162 1578 1302 1662 ‘explere

155 1681 359 1765 supplioium'
388 1703 451 1746 non
480 1680 576 1746 aliter
604 1682 670 1746 nisi
699 1681 739 1746 de
767 1703 873 1766 poena
900 1683 1032 1766 incepta
1058 1683 1202 1747 finienda
1230 1702 1303 1765 per·

153 1784 357 1866 fioiendaque
384 1783 613 1866 intellegimus,
646 1784 734 1869 quod
763 1784 805 1849 ab
833 1786 896 1850 hoo
924 1786 997 1851 looo
1026 1785 1190 1851 abhorret.
1245 1785 1303 1850 sed

153 1894 273 1970 parata
295 1895 345 1952 est
368 1887 552 1952 emendatio
576 1887 739 1972 exipsius
763 1885 868 1952 Curtii
891 1910 953 1953 usu
977 1889 1091 1972 petita,
1119 1888 1303 1968 rumetruda

154 2010 231 2054 nam
256 1990 331 2055 VIII
360 1993 387 2069 7,
420 1995 438 2054 6
464 1991 510 2054 sio
532 1991 664 2054 inuenio
688 1990 838 2054 ‘inuicem
860 1991 1053 2056 miserorum
1075 1993 1178 2056 uteris
1207 1990 1303 2055 mani-

153 2093 218 2159 bus
241 2093 283 2158 ad
307 2094 491 2176 expetenda
520 2093 699 2177 supplicia,
729 2094 762 2156 in
791 2115 855 2175 quo
884 2115 946 2158 usu
974 2093 1147 2158 Liuianum
1170 2092 1303 2157 Curtius

152 2198 301 2261 imitatus
325 2217 397 2261 esse
420 2197 566 2276 uidetur3
596 2197 624 2261 is
648 2196 731 2260 enim
754 2195 860 2260 XXVI
885 2200 933 2276 13,
959 2200 997 2260 13
1021 2196 1119 2261 dixit:
1149 2196 1303 2261 ‘auiditas

154 2299 309 2382 supplicii
331 2297 524 2382 expetendi'.

283 2411 310 2482 5,
337 2406 377 2465 26
400 2402 425 2466 P
447 2407 537 2466 reate
560 2402 670 2480 adhue,
694 2424 760 2466 non
784 2400 1093 2467 ‘adhuna’.—infra
1110 2400 1127 2484 ἓ
1146 2406 1185 2466 30
1209 2401 1302 2466 oodd.

150 2506 292 2589 proditis
325 2525 406 2588 erpo,
441 2505 511 2569 siue
538 2505 676 2569 iuiuriae
704 2505 772 2568 siue
800 2505 939 2587 oripiuis
961 2505 1144 2569 meminisse
1165 2504 1303 2583 malleat,

153 2607 287 2675 liberum
316 2609 353 2672 de
383 2607 581 2672 Branchidis
607 2609 770 2688 permitiit
801 2606 976 2673 arbitrium.
1023 2615 1058 2673 at
1085 2628 1149 2672 non
1172 2608 1235 2691 ipsi
1256 2606 1305 2671 illi

154 2711 285 2789 Milesii,
310 2712 367 2794 qui
378 2712 498 2786 tamin
517 2711 663 2775 exercitu
674 2709 850 2774 Alexandri
870 2710 1065 2789 militabant,
1090 2711 1147 2776 sed
1165 2711 1305 2776 maiores

156 2836 269 2880 eorum
293 2821 370 2879 ante
393 2814 489 2898 plura
512 2813 646 2878 saecula
667 2813 791 2896 proditi
813 2813 945 2878 fuerant
967 2834 1006 2878 ao
1029 2835 1070 2879 ne
1091 2813 1141 2878 illi
1163 2813 1304 2898 quidem,

157 2918 186 2982 si
220 2919 417 3000 quaerimus,
453 2916 511 2981 sed
539 2916 709 2980 thensauri
739 2916 853 2999 templi
881 2915 1117 2982 aBrauohidis
1140 2916 1304 2982 custoditi.

156 3021 367 3087 scribendum
389 3021 490 3103 igitur
513 3018 656 3084 sortasse
686 3019 871 3099 productis,
903 3039 1044 3101 namque
1073 3020 1220 3085 Milesios
1248 3040 1305 3083 rex

156 3112 201 3189 ad
229 3145 265 3188 se
295 3123 417 3188 adduei
449 3123 608 3201 iusserat,
641 3121 708 3185 uid.
733 3119 749 3202 §
772 3126 822 3186 29.
846 3156 888 3166 —
910 3121 977 3187 ibd.
1001 3120 1018 3204 §
1042 3126 1081 3187 39
1105 3122 1305 3205 Bongarsius

155 3247 217 3311 pro
251 3227 399 3292 oodioum
429 3226 593 3308 scriptura
621 3224 801 3307 ‘usurpare’
824 3224 970 3290 malebat
1001 3218 1183 3306 usurpasse,
1218 3225 1305 3307 quod

155 3331 324 3414 praesenti
346 3329 442 3393 Bessi
465 3327 657 3407 oondioioni,
682 3326 737 3409 qui
759 3327 950 3392 iamdudum
974 3329 1128 3411 captiuus
1150 3349 1216 3394 non
1237 3348 1305 3392 am-

155 3431 244 3517 plius
268 3433 392 3515 regium
415 3452 534 3497 nomen
557 3431 749 3513 usurpabat,
774 3433 884 3514 aptius
907 3453 989 3511 esse,
1018 3432 1048 3496 ei
1070 3430 1304 3495 Freinshemio·

156 3557 221 3619 que
245 3535 501 3600 assentiendum.

286 3642 314 3718 6,
337 3642 377 3701 24
397 3637 490 3702 oodd.
509 3637 595 3702 iared
611 3637 781 3717 oppidanis
799 3636 966 3700 aemilium
986 3634 1173 3718 defectionis
1191 3636 1305 3716 adpro-

157 3741 309 3808 bantibus.
354 3741 426 3809 ueri
455 3741 559 3805 simile
592 3746 650 3819 est,
683 3745 759 3822 post
787 3739 895 3803 ‘haud'
919 3738 1079 3803 excidisse
1107 3758 1193 3802 saue.
1239 3737 1304 3802 duo

158 3845 244 3909 enim
276 3844 309 3906 in
343 3848 456 3908 uetere
490 3843 655 3926 seripture
689 3862 709 3905 a
738 3841 950 3924 grammatico
979 3846 1135 3907 notentur
1162 3846 1303 3924 oportet.

156 3945 296 4011 alterum
321 3949 372 4009 est
393 3945 485 4010 locus
508 3945 692 4028 negationis
715 3943 832 4023 ‘haud',
856 3964 942 4026 quae
965 3964 985 4007 a
1006 3963 1088 4010 uoae
1111 3964 1179 4023 sua,
1207 3963 1305 4026 quam

156 4053 266 4130 negat,
290 4081 331 4091 —
354 4047 409 4112 hia
432 4046 713 4131 ‘adprobantibus’
736 4081 787 4126 -,
811 4046 899 4111 nullo
923 4067 1080 4129 umquam
1103 4047 1182 4111 alibi
1204 4046 1304 4110 inter·

155 4151 244 4216 uallo
269 4156 451 4233 separatur,
475 4149 565 4233 quod
587 4149 673 4214 idem
697 4149 828 4232 saepius
850 4150 882 4214 in
908 4149 1008 4214 ‘haud
1031 4149 1117 4214 sane'
1139 4148 1189 4229 fit;
1212 4147 1313 4213 uelut.

158 4253 247 4338 apud
275 4251 423 4318 Curtium
452 4253 547 4318 initio
582 4253 691 4336 operis
719 4251 767 4315 III
799 4257 826 4328 l,
859 4256 896 4315 14
925 4258 988 4316 est:
1024 4251 1180 4333 ‘(ourrus)
1214 4249 1305 4315 haud

158 4378 237 4422 sane
273 4379 292 4421 a
324 4354 497 4420 uilioribus
531 4354 740 4438 uulgatisque
773 4376 835 4419 usu
869 4353 1075 4434 abhorrens’3
1115 4353 1154 4418 of.
1189 4358 1218 4433 3,
1253 4356 1303 4417 23.

159 4460 298 4525 alterum
321 4465 380 4537 est,
404 4458 492 4540 quod
515 4457 623 4522 ‘haud’
646 4458 688 4522 66
712 4456 850 4522 uerbum
873 4458 1055 4523 sententiae
1079 4457 1236 4540 pertinet3
1269 4456 1304 4521 id

158 4563 242 4629 enim
265 4560 399 4628 Curtius
429 4561 530 4626 semel
551 4562 585 4626 in
609 4560 707 4626 ‘haud
730 4559 855 4626 dubito’
878 4559 958 4626 feeit
980 4594 1018 4605 —
1043 4563 1077 4624 et
1106 4558 1190 4624 dixit
1219 4557 1303 4624 adeo
