3068 5152
745 327 784 386 52

189 521 265 598 post
286 512 493 580 interfectum
516 514 659 578 Dareum
682 511 829 576 luxuriae
854 517 887 575 et
909 510 1080 594 superbiae
1103 512 1346 594 indulgentem.

189 617 246 681 sed
280 617 446 700 fastigium
480 616 627 700 quidem,
668 613 701 677 id
741 621 790 677 est
822 613 988 679 fortunam
1024 622 1057 678 et
1089 614 1346 697 amplitudinem

191 739 306 802 regum
328 719 500 784 Persarum
522 719 587 782 iam
611 717 666 780 diu
690 715 837 780 sublimis
861 719 930 780 eius
955 718 1082 781 animus
1110 717 1348 782 aemulabatur

189 829 222 886 et
250 829 339 887 recte
373 819 569 909 adfectabat,
602 840 709 903 neque
739 818 824 883 hanc
849 821 918 883 eius
941 820 1100 891 uirtutem
1122 821 1154 883 in
1178 820 1343 903 probrum

190 922 323 1007 Curtius
353 918 462 989 uertit.
509 921 650 987 ‘fastum'
673 923 781 1003 regiae
804 920 979 985 Persarum
1003 924 1087 1004 qued
1111 923 1261 986 imitatus
1286 924 1343 1000 sit,

188 1028 269 1091 uitio
293 1029 322 1091 ei
346 1026 404 1092 dat
426 1033 460 1091 et
483 1026 529 1090 sic
552 1046 625 1088 eum
647 1025 816 1106 scripsisse
845 1027 1013 1106 putamus:
1049 1024 1197 1088 Persicae
1230 1025 1344 1106 raptae

181 1149 294 1209 parem
317 1130 445 1194 deorum
473 1128 630 1208 poteutr'ue
651 1127 771 1206 foetura
793 1126 1017 1203 aemulabatur,
1053 1127 1115 1192 hoc
1145 1136 1195 1191 est
1224 1149 1343 1210 super-

189 1232 275 1296 biam
299 1254 412 1315 regum
434 1214 615 1308 Persarum,
649 1250 735 1312 quae
764 1230 868 1310 magis
899 1228 1033 1293 deorum
1065 1250 1162 1311 quam
1190 1231 1343 1312 ipsorum

189 1335 306 1418 opibus
317 1357 377 1418 par
395 1342 427 1399 et
439 1327 705 1399 accommodatus
723 1339 819 1397 esset.
854 1330 892 1395 oi.
914 1352 1098 1415 comparem
1117 1332 1224 1396 locum
1245 1332 1344 1397 VIIII

188 1441 218 1511 8,
243 1441 282 1498 23
305 1436 395 1500 ‘nihil
419 1458 459 1501 ex
481 1436 570 1500 fastu
592 1437 701 1514 regiae
725 1434 971 1517 adsumpserat.

317 1544 345 1618 7,
373 1543 386 1600 l
417 1539 442 1602 P
474 1538 637 1602 euteruaur'
663 1557 727 1600 uou
761 1542 849 1600 tut-us
881 1537 972 1600 uredo
1005 1556 1062 1600 rea
1095 1539 1153 1602 sed
1184 1539 1342 1603 r'uur'etus.

190 1642 291 1705 ceteri
315 1642 463 1705 ‘externa
486 1641 538 1704 ui’.
584 1641 663 1722 quia
696 1641 802 1703 maius
837 1646 924 1703 esset
956 1660 1107 1704 securum
1138 1662 1207 1705 esse
1241 1663 1344 1724 quam

189 1745 360 1822 inuictum,
384 1742 419 1806 id
442 1751 578 1807 estnon
602 1749 801 1825 superatum,
825 1741 980 1823 Uogelius
1004 1749 1037 1806 et
1059 1745 1123 1807 iarn
1141 1745 1244 1808 multo
1262 1753 1344 1808 ante

190 1869 263 1910 euni
287 1845 410 1909 Ualens
433 1845 598 1909 Acidalius
622 1844 767 1909 ordinem
792 1844 965 1909 uerborum
990 1845 1098 1908 ‘tutus'
1123 1853 1156 1909 et
1180 1848 1343 1911 ‘inuictus’

190 1949 360 2012 immutari
394 1948 581 2025 uoluerunt,
616 1947 674 2012 sed
708 1950 733 2010 si
769 1948 872 2012 uerbo
903 1947 1064 2012 ‘inuictus’
1095 1949 1217 2026 eadem,
1236 1972 1343 2033 .quae

189 2052 256 2117 fere
285 2052 377 2130 solet,
405 2051 472 2114 uis:
499 2051 566 2133 ‘qui
595 2052 743 2133 superari
773 2072 837 2114 non
861 2050 979 2133 potest'
1001 2051 1054 2114 hic
1078 2073 1207 2134 quoque
1231 2052 1343 2130 datur,

190 2162 286 2219 uetus
310 2155 473 2238 scriptura
494 2154 527 2216 in
551 2152 613 2216 hac
636 2154 809 2218 dumtaxat
831 2174 866 2216 re
886 2153 967 2218 bene
985 2153 1094 2218 habet.
1127 2154 1209 2219 illud
1229 2162 1343 2219 autem

190 2279 254 2321 non
288 2255 398 2321 fuerat
431 2255 472 2320 ab
508 2255 690 2320 editoribus
723 2255 970 2334 defendendum,
1005 2256 1093 2340 quod
1127 2259 1274 2321 ‘externa
1306 2260 1344 2322 ui

191 2357 290 2424 tutus'
309 2381 368 2442 pro
389 2358 441 2423 ‘ab
465 2365 601 2422 externa
619 2359 653 2421 ui
671 2358 703 2422 t.’
729 2358 863 2438 dicitur3
885 2379 959 2422 nam
978 2358 1155 2437 ablatiuus,
1179 2361 1234 2442 qui
1247 2354 1342 2424 ‘tuto’

190 2463 354 2526 interdum
378 2467 468 2527 recte
493 2459 635 2539 additur,
659 2462 866 2525 instrumenti
890 2469 948 2536 est,
973 2462 1246 2544 quemadmodum
1260 2461 1342 2527 Cur-

191 2566 257 2629 tius
282 2564 358 2627 Vlll
389 2567 415 2641 1,
440 2567 480 2626 24
515 2565 650 2647 scripsit
677 2565 778 2628 ‘tutus
812 2558 1020 2629 simulatione
1054 2565 1179 2629 mortis’
1208 2572 1242 2629 et
1264 2565 1343 2629 VIII

195 2670 243 2745 12,
266 2670 285 2729 8
309 2667 370 2730 ‘uel
403 2685 462 2730 sua
491 2667 613 2731 uirtute
648 2667 701 2731 uel
734 2666 822 2731 illius
855 2666 919 2730 fide
953 2666 1064 2731 tutus'.
1110 2675 1145 2732 at
1172 2668 1227 2732 ille
1256 2668 1343 2733 alter

191 2769 369 2848 ablaticus,
404 2769 512 2852 quisi
537 2790 635 2833 uerus
658 2778 754 2848 esset,
787 2769 945 2834 aduersus
968 2791 1065 2852 quern
1088 2769 1195 2852 (quid)
1220 2772 1342 2855 aliquis

192 2880 278 2937 esset
308 2892 454 2951 securus,
489 2871 697 2955 significaret,
731 2873 858 2937 ratione
882 2880 916 2937 et
939 2873 1092 2954 analogia
1115 2880 1215 2951 caret,
1251 2877 1340 2939 etin

191 2973 271 3039 Bell.
296 2974 505 3039 Alexandrin.
529 2996 555 3040 c.
582 2980 608 3055 1,
631 2980 660 3056 3,
694 2997 758 3058 quo
781 2996 846 3039 uno
871 2975 1017 3058 exemplo
1041 2975 1207 3040 ablatiuus
1231 2976 1343 3042 defen-

192 3077 290 3156 ditur,
326 3079 394 3142 sine
429 3077 527 3142 dubio
562 3087 637 3160 post
671 3077 771 3142 ‘nam'
799 3077 901 3145 exidit
935 3077 1006 3142 ‘ab'.
1070 3079 1159 3161 apud
1193 3078 1343 3144 Curtium

191 3188 303 3244 autem
337 3181 548 3244 continuatae
582 3182 747 3263 scriptura
779 3201 879 3246 uoces
911 3181 958 3244 sic
989 3180 1215 3246 dissoluendae
1251 3190 1342 3245 sunt:

193 3287 322 3348 caterua
344 3302 363 3347 u
384 3282 429 3346 ut.
493 3366 496 3371 Ι

320 3386 387 3450 ibd.
400 3383 416 3468 ξ
429 3388 448 3448 'l
460 3385 668 3450 scribendum
685 3385 830 3449 uidetur:
849 3382 945 3464 fidem
963 3385 1218 3466 iupurrr'eu'du‘uru
1230 3386 1340 3470 (codd.

196 3525 232 3535 -
252 3492 282 3567 ο)
306 3489 430 3553 dedisse
452 3493 630 3553 coustauter
653 3486 769 3552 abuur't.
805 3488 903 3553 datur
924 3491 1010 3553 enim
1031 3489 1112 3554 fides
1135 3491 1167 3553 in
1189 3511 1258 3554 rem
1281 3492 1342 3556 ali-

194 3614 301 3675 quam,
335 3592 398 3658 hoc
432 3602 483 3657 est
518 3592 558 3656 de
592 3613 631 3657 ea
663 3613 708 3671 re,
749 3612 847 3673 quam
883 3592 1141 3676 comprobamus„
1180 3593 1341 3658 iacienda.

194 3695 286 3760 uelut
308 3717 334 3759 c.
363 3700 411 3775 11,
435 3699 475 3760 29
506 3701 558 3760 est
580 3696 623 3759 ‘in
646 3695 727 3759 haec
749 3693 829 3760 fides
853 3702 886 3759 et
909 3694 987 3760 data
1010 3704 1062 3760 est
1085 3705 1117 3760 et
1140 3696 1286 3779 accepta’
1310 3705 1344 3762 et

194 3799 258 3862 llll
284 3803 310 3878 l,
334 3802 352 3861 9
376 3800 419 3862 ‘in
443 3820 482 3863 ea
505 3801 623 3876 (neutr.
647 3796 747 3881 plur.)
772 3820 805 3862 se
828 3797 927 3862 fidem
955 3807 989 3863 et
1018 3798 1097 3862 dare
1127 3806 1278 3882 paratum
1309 3809 1345 3865 et

195 3900 361 3984 accipere'.
400 3902 613 3984 parricidium
637 3907 746 3965 autem
769 3901 885 3965 caedes
907 3903 993 3982 regis
1016 3904 1066 3965 sui
1091 3902 1151 3982 hic,
1175 3911 1212 3967 nt
1234 3889 1343 3986 saepe,

195 4009 342 4069 uocatur.
504 4061 506 4066 .

322 4105 387 4170 ibd.
412 4103 429 4187 ἓ
453 4110 470 4168 9
495 4105 588 4171 codd.
615 4105 774 4188 (Dymnus
797 4107 915 4172 orabat
937 4106 1101 4190 primum)
1129 4114 1165 4172 ut
1181 4109 1344 4191 particeps

196 4208 322 4273 consilii
339 4206 448 4289 tieret;
469 4209 545 4272 siud
556 4209 714 4273 sustiuere
725 4230 788 4273 uou
792 4216 903 4292 posset
914 4217 1000 4274 cett..
1035 4211 1277 4277 Freinshemius
1289 4214 1344 4278 hic

131 4336 134 4342 <
195 4319 286 4377 recte
311 4312 458 4377 adnotat:
483 4312 566 4393 ‘quiS
592 4311 697 4376 Curtii
719 4331 839 4392 gnarus
863 4313 992 4378 dubitet
1015 4334 1088 4378 eum
1112 4317 1292 4399 scripsisse,
1314 4319 1346 4381 sr'

196 4413 233 4477 id
258 4435 323 4478 uoa
352 4415 532 4491 sustineret,
568 4422 601 4479 et
631 4414 749 4480 deinde
777 4417 919 4498 glossam
948 4415 1049 4481 fuisse
1072 4417 1258 4502 adpositam
1280 4441 1345 4484 auu

193 4520 322 4597 posset:
355 4515 394 4580 a·
426 4516 463 4581 iel
495 4536 558 4581 uon
591 4520 772 4597 sustineret,
806 4540 868 4584 uou
893 4526 1012 4600 posset.
1079 4522 1164 4586 unde
1198 4523 1345 4590 homines
