<?xml version="1.0" encoding="UTF-8"?>
<!DOCTYPE html PUBLIC "-//W3C//DTD XHTML 1.0 Transitional//EN"
    "http://www.w3.org/TR/xhtml1/DTD/xhtml1-transitional.dtd">
<html xmlns="http://www.w3.org/1999/xhtml" xml:lang="en" lang="en">
 <head>
  <title>
</title>
<meta http-equiv="Content-Type" content="text/html;charset=utf-8" />
  <meta name='ocr-system' content='tesseract 3.04.00' />
  <meta name='ocr-capabilities' content='ocr_page ocr_carea ocr_par ocr_line ocrx_word'/>
</head>
<body>
  <div class='ocr_page' id='page_1' title='image "./quaestionescurt00kincgoog_0055.png"; bbox 0 0 3068 5152; ppageno 0'>
   <div class='ocr_carea' id='block_1_1' title="bbox 753 353 794 412">
    <p class='ocr_par' dir='ltr' id='par_1_1' title="bbox 753 353 794 412">
     <span class='ocr_line' id='line_1_1' title="bbox 753 353 794 412; baseline 0.049 -2"><span class='ocrx_word' id='word_1_1' title='bbox 753 353 794 412; x_wconf 78' lang='grc'><strong>18</strong></span> 
     </span>
    </p>
   </div>
   <div class='ocr_carea' id='block_1_2' title="bbox 119 535 1371 4635">
    <p class='ocr_par' dir='ltr' id='par_1_2' title="bbox 119 535 1371 3379">
     <span class='ocr_line' id='line_1_2' title="bbox 271 535 1350 618; baseline 0.006 -21"><span class='ocrx_word' id='word_1_2' title='bbox 271 610 274 615; x_wconf 69' lang='lat'>‚</span> <span class='ocrx_word' id='word_1_3' title='bbox 303 575 306 581; x_wconf 95' lang='lat'>-</span> <span class='ocrx_word' id='word_1_4' title='bbox 344 541 374 617; x_wconf 77' lang='lat'><strong>2,</strong></span> <span class='ocrx_word' id='word_1_5' title='bbox 405 537 441 600; x_wconf 90' lang='lat'><strong>11</strong></span> <span class='ocrx_word' id='word_1_6' title='bbox 472 535 497 598; x_wconf 91' lang='grc' dir='ltr'><strong><em>Ρ</em></strong></span> <span class='ocrx_word' id='word_1_7' title='bbox 532 543 565 599; x_wconf 88' lang='grc'><strong>91</strong></span> <span class='ocrx_word' id='word_1_8' title='bbox 597 536 689 601; x_wconf 90' lang='lat' dir='ltr'><strong>Mod:</strong></span> <span class='ocrx_word' id='word_1_9' title='bbox 727 537 886 618; x_wconf 79' lang='lat' dir='ltr'><strong>Ouudotes</strong></span> <span class='ocrx_word' id='word_1_10' title='bbox 920 544 989 603; x_wconf 84' lang='lat' dir='ltr'><strong>erut</strong></span> <span class='ocrx_word' id='word_1_11' title='bbox 1019 537 1135 603; x_wconf 87' lang='lat' dir='ltr'><strong>uohilis</strong></span> <span class='ocrx_word' id='word_1_12' title='bbox 1172 537 1296 617; x_wconf 84' lang='lat' dir='ltr'><strong>Perses,</strong></span> <span class='ocrx_word' id='word_1_13' title='bbox 1331 560 1350 605; x_wconf 90' lang='lat' dir='ltr'><strong>o</strong></span> 
     </span>
     <span class='ocr_line' id='line_1_3' title="bbox 199 638 1348 723; baseline 0.003 -20"><span class='ocrx_word' id='word_1_14' title='bbox 199 638 308 704; x_wconf 88' lang='lat' dir='ltr'><strong>Doreo</strong></span> <span class='ocrx_word' id='word_1_15' title='bbox 342 638 470 719; x_wconf 82' lang='lat' dir='ltr'><strong>capituli</strong></span> <span class='ocrx_word' id='word_1_16' title='bbox 503 638 658 718; x_wconf 73' lang='lat' dir='ltr'><strong>simplicio</strong></span> <span class='ocrx_word' id='word_1_17' title='bbox 687 639 863 703; x_wconf 83' lang='lat' dir='ltr'><strong>destinatus</strong></span> <span class='ocrx_word' id='word_1_18' title='bbox 892 639 1091 706; x_wconf 71' lang='lat' dir='ltr'><strong><em>cohibebatur</em></strong></span> <span class='ocrx_word' id='word_1_19' title='bbox 1122 641 1159 706; x_wconf 93' lang='lat' dir='ltr'><strong>iu</strong></span> <span class='ocrx_word' id='word_1_20' title='bbox 1193 643 1348 723; x_wconf 86' lang='lat' dir='ltr'><strong>uiuculis;</strong></span> 
     </span>
     <span class='ocr_line' id='line_1_4' title="bbox 197 739 1348 826; baseline 0.004 -21"><span class='ocrx_word' id='word_1_21' title='bbox 197 743 269 806; x_wconf 89' lang='lat' dir='ltr'><strong>huic</strong></span> <span class='ocrx_word' id='word_1_22' title='bbox 302 739 432 806; x_wconf 81' lang='lat' dir='ltr'><strong>liberato</strong></span> <span class='ocrx_word' id='word_1_23' title='bbox 465 746 641 822; x_wconf 70' lang='lat' dir='ltr'><strong>eutropium</strong></span> <span class='ocrx_word' id='word_1_24' title='bbox 675 741 804 806; x_wconf 77' lang='lat' dir='ltr'><em>Mediae</em></span> <span class='ocrx_word' id='word_1_25' title='bbox 837 741 997 808; x_wconf 76' lang='lat' dir='ltr'><em>adtribuit.</em></span> <span class='ocrx_word' id='word_1_26' title='bbox 1063 744 1181 826; x_wconf 88' lang='lat' dir='ltr'><strong>reliqui</strong></span> <span class='ocrx_word' id='word_1_27' title='bbox 1216 745 1348 810; x_wconf 89' lang='lat' dir='ltr'><strong>codices</strong></span> 
     </span>
     <span class='ocr_line' id='line_1_5' title="bbox 196 829 1347 930; baseline 0.003 -22"><span class='ocrx_word' id='word_1_28' title='bbox 196 845 333 910; x_wconf 89' lang='lat' dir='ltr'><strong>tollendi</strong></span> <span class='ocrx_word' id='word_1_29' title='bbox 356 829 504 927; x_wconf 88' lang='lat' dir='ltr'><strong>asyndeti</strong></span> <span class='ocrx_word' id='word_1_30' title='bbox 529 865 630 909; x_wconf 86' lang='lat' dir='ltr'><strong>causa</strong></span> <span class='ocrx_word' id='word_1_31' title='bbox 653 845 727 927; x_wconf 88' lang='lat' dir='ltr'><strong>‘qui’</strong></span> <span class='ocrx_word' id='word_1_32' title='bbox 751 852 827 909; x_wconf 90' lang='lat' dir='ltr'><strong>ante</strong></span> <span class='ocrx_word' id='word_1_33' title='bbox 850 846 879 909; x_wconf 88' lang='lat' dir='ltr'><strong>‘a</strong></span> <span class='ocrx_word' id='word_1_34' title='bbox 902 846 1018 911; x_wconf 87' lang='lat' dir='ltr'><strong>Dareo’</strong></span> <span class='ocrx_word' id='word_1_35' title='bbox 1041 847 1199 924; x_wconf 86' lang='lat' dir='ltr'><strong>inserunt,</strong></span> <span class='ocrx_word' id='word_1_36' title='bbox 1223 849 1257 911; x_wconf 93' lang='lat' dir='ltr'><strong>in</strong></span> <span class='ocrx_word' id='word_1_37' title='bbox 1281 869 1347 930; x_wconf 90' lang='lat' dir='ltr'><strong>quo</strong></span> 
     </span>
     <span class='ocr_line' id='line_1_6' title="bbox 196 946 1347 1016; baseline 0.003 -5"><span class='ocrx_word' id='word_1_38' title='bbox 196 970 261 1012; x_wconf 91' lang='lat' dir='ltr'><strong>non</strong></span> <span class='ocrx_word' id='word_1_39' title='bbox 289 948 368 1012; x_wconf 86' lang='grc'><strong>99119</strong></span> <span class='ocrx_word' id='word_1_40' title='bbox 397 948 439 1011; x_wconf 87' lang='lat' dir='ltr'><strong>ad</strong></span> <span class='ocrx_word' id='word_1_41' title='bbox 470 969 566 1011; x_wconf 88' lang='lat' dir='ltr'><strong>usum</strong></span> <span class='ocrx_word' id='word_1_42' title='bbox 589 946 693 1011; x_wconf 83' lang='lat' dir='ltr'><strong>Curtii</strong></span> <span class='ocrx_word' id='word_1_43' title='bbox 722 948 913 1012; x_wconf 88' lang='lat' dir='ltr'><strong>attenditur.</strong></span> <span class='ocrx_word' id='word_1_44' title='bbox 958 950 986 1012; x_wconf 89' lang='grc'><strong>19</strong></span> <span class='ocrx_word' id='word_1_45' title='bbox 1016 950 1099 1013; x_wconf 90' lang='lat' dir='ltr'><strong>enim</strong></span> <span class='ocrx_word' id='word_1_46' title='bbox 1135 950 1191 1015; x_wconf 92' lang='lat' dir='ltr'><strong>ubi</strong></span> <span class='ocrx_word' id='word_1_47' title='bbox 1219 972 1347 1016; x_wconf 86' lang='lat' dir='ltr'><strong>nouam</strong></span> 
     </span>
     <span class='ocr_line' id='line_1_7' title="bbox 119 1050 1347 1134; baseline 0.004 -20"><span class='ocrx_word' id='word_1_48' title='bbox 119 1050 122 1055; x_wconf 81' lang='lat'>&#39;</span> <span class='ocrx_word' id='word_1_49' title='bbox 197 1072 368 1134; x_wconf 83' lang='lat' dir='ltr'>personam</span> <span class='ocrx_word' id='word_1_50' title='bbox 411 1057 443 1114; x_wconf 89' lang='lat' dir='ltr'><strong>et</strong></span> <span class='ocrx_word' id='word_1_51' title='bbox 481 1058 580 1116; x_wconf 87' lang='lat' dir='ltr'><strong>antea</strong></span> <span class='ocrx_word' id='word_1_52' title='bbox 610 1071 686 1115; x_wconf 90' lang='lat' dir='ltr'><strong>ase</strong></span> <span class='ocrx_word' id='word_1_53' title='bbox 709 1072 774 1115; x_wconf 91' lang='lat' dir='ltr'><strong>non</strong></span> <span class='ocrx_word' id='word_1_54' title='bbox 805 1059 1091 1117; x_wconf 77' lang='lat' dir='ltr'><strong>commemoratam</strong></span> <span class='ocrx_word' id='word_1_55' title='bbox 1118 1053 1254 1132; x_wconf 79' lang='lat' dir='ltr'><strong>inducit,</strong></span> <span class='ocrx_word' id='word_1_56' title='bbox 1290 1054 1347 1120; x_wconf 90' lang='lat' dir='ltr'><strong>illa</strong></span> 
     </span>
     <span class='ocr_line' id='line_1_8' title="bbox 195 1153 1346 1237; baseline 0.006 -21"><span class='ocrx_word' id='word_1_57' title='bbox 195 1154 323 1218; x_wconf 88' lang='lat' dir='ltr'><strong>ratione</strong></span> <span class='ocrx_word' id='word_1_58' title='bbox 346 1154 478 1237; x_wconf 88' lang='lat' dir='ltr'><strong>saepius</strong></span> <span class='ocrx_word' id='word_1_59' title='bbox 502 1156 620 1218; x_wconf 89' lang='lat' dir='ltr'><strong>utitur:</strong></span> <span class='ocrx_word' id='word_1_60' title='bbox 655 1153 759 1235; x_wconf 90' lang='lat' dir='ltr'><strong>primo</strong></span> <span class='ocrx_word' id='word_1_61' title='bbox 782 1175 899 1218; x_wconf 89' lang='lat' dir='ltr'><strong>nomen</strong></span> <span class='ocrx_word' id='word_1_62' title='bbox 923 1155 1001 1232; x_wconf 87' lang='grc'><strong>9199,</strong></span> <span class='ocrx_word' id='word_1_63' title='bbox 1031 1155 1123 1219; x_wconf 82' lang='grc'><strong>99199</strong></span> <span class='ocrx_word' id='word_1_64' title='bbox 1146 1157 1346 1223; x_wconf 71' lang='lat' dir='ltr'><strong>mentionem</strong></span> 
     </span>
     <span class='ocr_line' id='line_1_9' title="bbox 195 1255 1344 1337; baseline 0.007 -18"><span class='ocrx_word' id='word_1_65' title='bbox 195 1255 340 1321; x_wconf 85' lang='lat' dir='ltr'><strong>facturus</strong></span> <span class='ocrx_word' id='word_1_66' title='bbox 360 1261 416 1337; x_wconf 89' lang='grc'><strong>991,</strong></span> <span class='ocrx_word' id='word_1_67' title='bbox 439 1256 584 1321; x_wconf 89' lang='lat' dir='ltr'><strong>breuiter</strong></span> <span class='ocrx_word' id='word_1_68' title='bbox 600 1256 780 1336; x_wconf 88' lang='lat' dir='ltr'><strong>indicatur;</strong></span> <span class='ocrx_word' id='word_1_69' title='bbox 804 1257 940 1320; x_wconf 89' lang='lat' dir='ltr'><strong>ueniunt</strong></span> <span class='ocrx_word' id='word_1_70' title='bbox 958 1257 1075 1322; x_wconf 90' lang='lat' dir='ltr'><strong>deinde</strong></span> <span class='ocrx_word' id='word_1_71' title='bbox 1087 1259 1177 1322; x_wconf 90' lang='lat' dir='ltr'><strong>nulla</strong></span> <span class='ocrx_word' id='word_1_72' title='bbox 1190 1261 1344 1327; x_wconf 87' lang='lat' dir='ltr'><strong>coniunc-</strong></span> 
     </span>
     <span class='ocr_line' id='line_1_10' title="bbox 194 1359 1345 1444; baseline 0.004 -21"><span class='ocrx_word' id='word_1_73' title='bbox 194 1361 283 1423; x_wconf 90' lang='lat' dir='ltr'><strong>tione</strong></span> <span class='ocrx_word' id='word_1_74' title='bbox 324 1380 396 1423; x_wconf 91' lang='lat' dir='ltr'><strong>cum</strong></span> <span class='ocrx_word' id='word_1_75' title='bbox 436 1360 593 1442; x_wconf 81' lang='lat' dir='ltr'><strong>proximis</strong></span> <span class='ocrx_word' id='word_1_76' title='bbox 633 1360 828 1424; x_wconf 89' lang='lat' dir='ltr'><strong>coniunctae</strong></span> <span class='ocrx_word' id='word_1_77' title='bbox 869 1381 934 1423; x_wconf 88' lang='lat' dir='ltr'><strong>uua</strong></span> <span class='ocrx_word' id='word_1_78' title='bbox 979 1359 1105 1426; x_wconf 86' lang='lat' dir='ltr'><strong>duaeue</strong></span> <span class='ocrx_word' id='word_1_79' title='bbox 1151 1365 1345 1444; x_wconf 85' lang='lat' dir='ltr'><strong>sententiae,</strong></span> 
     </span>
     <span class='ocr_line' id='line_1_11' title="bbox 195 1461 1345 1547; baseline 0.004 -20"><span class='ocrx_word' id='word_1_80' title='bbox 195 1485 329 1545; x_wconf 87' lang='lat' dir='ltr'><strong>quarum</strong></span> <span class='ocrx_word' id='word_1_81' title='bbox 356 1461 458 1525; x_wconf 90' lang='lat' dir='ltr'><strong>uerba</strong></span> <span class='ocrx_word' id='word_1_82' title='bbox 480 1463 513 1524; x_wconf 93' lang='lat' dir='ltr'><strong>in</strong></span> <span class='ocrx_word' id='word_1_83' title='bbox 537 1461 737 1544; x_wconf 73' lang='lat' dir='ltr'><em>imperfectis</em></span> <span class='ocrx_word' id='word_1_84' title='bbox 760 1468 935 1545; x_wconf 87' lang='lat' dir='ltr'><strong>ponuntur,</strong></span> <span class='ocrx_word' id='word_1_85' title='bbox 970 1463 1090 1547; x_wconf 91' lang='lat' dir='ltr'><strong>quihus</strong></span> <span class='ocrx_word' id='word_1_86' title='bbox 1115 1465 1263 1529; x_wconf 92' lang='lat' dir='ltr'><strong>eiusdem</strong></span> <span class='ocrx_word' id='word_1_87' title='bbox 1286 1467 1345 1532; x_wconf 89' lang='lat' dir='ltr'><strong>ho·</strong></span> 
     </span>
     <span class='ocr_line' id='line_1_12' title="bbox 193 1564 1344 1652; baseline 0.006 -24"><span class='ocrx_word' id='word_1_88' title='bbox 193 1566 290 1629; x_wconf 90' lang='lat' dir='ltr'><strong>minis</strong></span> <span class='ocrx_word' id='word_1_89' title='bbox 315 1586 420 1628; x_wconf 90' lang='lat' dir='ltr'><strong>mores</strong></span> <span class='ocrx_word' id='word_1_90' title='bbox 446 1566 601 1648; x_wconf 85' lang='lat' dir='ltr'><strong>uitaeque</strong></span> <span class='ocrx_word' id='word_1_91' title='bbox 621 1564 843 1642; x_wconf 87' lang='lat' dir='ltr'><strong>condicionem</strong></span> <span class='ocrx_word' id='word_1_92' title='bbox 859 1565 999 1648; x_wconf 82' lang='lat' dir='ltr'><strong>scriptor</strong></span> <span class='ocrx_word' id='word_1_93' title='bbox 1019 1567 1180 1649; x_wconf 75' lang='lat' dir='ltr'><strong>depingit,</strong></span> <span class='ocrx_word' id='word_1_94' title='bbox 1203 1568 1344 1652; x_wconf 83' lang='lat' dir='ltr'><strong>demque</strong></span> 
     </span>
     <span class='ocr_line' id='line_1_13' title="bbox 193 1667 1344 1755; baseline 0.005 -22"><span class='ocrx_word' id='word_1_95' title='bbox 193 1669 344 1751; x_wconf 85' lang='lat' dir='ltr'><strong>sequitur</strong></span> <span class='ocrx_word' id='word_1_96' title='bbox 373 1667 578 1731; x_wconf 82' lang='lat' dir='ltr'><strong>enuntiatum</strong></span> <span class='ocrx_word' id='word_1_97' title='bbox 602 1688 621 1730; x_wconf 86' lang='lat' dir='ltr'><strong>a</strong></span> <span class='ocrx_word' id='word_1_98' title='bbox 645 1669 835 1750; x_wconf 87' lang='lat' dir='ltr'><strong>pronomine</strong></span> <span class='ocrx_word' id='word_1_99' title='bbox 860 1668 906 1731; x_wconf 89' lang='lat' dir='ltr'><strong>‘is’</strong></span> <span class='ocrx_word' id='word_1_100' title='bbox 930 1667 1029 1748; x_wconf 61' lang='lat' dir='ltr'><strong>thie,</strong></span> <span class='ocrx_word' id='word_1_101' title='bbox 1061 1669 1149 1752; x_wconf 85' lang='lat' dir='ltr'><strong>‘qui⁷)</strong></span> <span class='ocrx_word' id='word_1_102' title='bbox 1173 1671 1344 1755; x_wconf 65' lang='lat' dir='ltr'><strong>iucipiens</strong></span> 
     </span>
     <span class='ocr_line' id='line_1_14' title="bbox 193 1769 1344 1854; baseline 0.006 -19"><span class='ocrx_word' id='word_1_103' title='bbox 193 1773 308 1854; x_wconf 91' lang='lat' dir='ltr'><strong>inquo</strong></span> <span class='ocrx_word' id='word_1_104' title='bbox 334 1771 504 1834; x_wconf 88' lang='lat' dir='ltr'><strong>enuntiato</strong></span> <span class='ocrx_word' id='word_1_105' title='bbox 523 1771 555 1833; x_wconf 92' lang='lat' dir='ltr'><strong>in</strong></span> <span class='ocrx_word' id='word_1_106' title='bbox 574 1769 717 1852; x_wconf 88' lang='lat' dir='ltr'><strong>perfecto</strong></span> <span class='ocrx_word' id='word_1_107' title='bbox 736 1776 884 1853; x_wconf 90' lang='lat' dir='ltr'><strong>tempore</strong></span> <span class='ocrx_word' id='word_1_108' title='bbox 903 1772 1043 1854; x_wconf 80' lang='lat' dir='ltr'><strong>scriptor</strong></span> <span class='ocrx_word' id='word_1_109' title='bbox 1060 1772 1102 1835; x_wconf 88' lang='lat' dir='ltr'><strong>ad</strong></span> <span class='ocrx_word' id='word_1_110' title='bbox 1120 1777 1344 1842; x_wconf 80' lang='lat' dir='ltr'><strong>narrationem</strong></span> 
     </span>
     <span class='ocr_line' id='line_1_15' title="bbox 193 1872 1344 1957; baseline 0.006 -20"><span class='ocrx_word' id='word_1_111' title='bbox 193 1872 360 1957; x_wconf 84' lang='lat' dir='ltr'><strong>paulisper</strong></span> <span class='ocrx_word' id='word_1_112' title='bbox 388 1875 605 1954; x_wconf 80' lang='lat' dir='ltr'><strong>interruptam</strong></span> <span class='ocrx_word' id='word_1_113' title='bbox 635 1873 822 1936; x_wconf 89' lang='lat' dir='ltr'><strong>reuertitur.</strong></span> <span class='ocrx_word' id='word_1_114' title='bbox 867 1874 960 1937; x_wconf 88' lang='lat' dir='ltr'><strong>uelut</strong></span> <span class='ocrx_word' id='word_1_115' title='bbox 982 1874 1059 1938; x_wconf 86' lang='lat' dir='ltr'>VIII</span> <span class='ocrx_word' id='word_1_116' title='bbox 1082 1879 1109 1952; x_wconf 81' lang='lat'><strong>2,</strong></span> <span class='ocrx_word' id='word_1_117' title='bbox 1134 1881 1173 1940; x_wconf 83' lang='lat'><strong>35</strong></span> <span class='ocrx_word' id='word_1_118' title='bbox 1198 1879 1245 1943; x_wconf 89' lang='lat' dir='ltr'><strong>sic</strong></span> <span class='ocrx_word' id='word_1_119' title='bbox 1269 1901 1344 1944; x_wconf 90' lang='lat' dir='ltr'><strong>ora-</strong></span> 
     </span>
     <span class='ocr_line' id='line_1_16' title="bbox 194 1976 1344 2048; baseline 0.007 -8"><span class='ocrx_word' id='word_1_120' title='bbox 194 1979 315 2041; x_wconf 89' lang='lat' dir='ltr'><strong>tionem</strong></span> <span class='ocrx_word' id='word_1_121' title='bbox 335 1977 446 2041; x_wconf 87' lang='lat' dir='ltr'><strong>struit:</strong></span> <span class='ocrx_word' id='word_1_122' title='bbox 472 1976 606 2040; x_wconf 83' lang='lat' dir='ltr'><strong>‘nobiles</strong></span> <span class='ocrx_word' id='word_1_123' title='bbox 625 1977 761 2039; x_wconf 89' lang='lat' dir='ltr'><strong>iuuenes</strong></span> <span class='ocrx_word' id='word_1_124' title='bbox 780 1977 929 2039; x_wconf 88' lang='lat' dir='ltr'><strong>comitari</strong></span> <span class='ocrx_word' id='word_1_125' title='bbox 950 1997 1023 2040; x_wconf 92' lang='lat' dir='ltr'><strong>enm</strong></span> <span class='ocrx_word' id='word_1_126' title='bbox 1041 1979 1130 2043; x_wconf 90' lang='lat' dir='ltr'><strong>soliti</strong></span> <span class='ocrx_word' id='word_1_127' title='bbox 1154 1980 1344 2048; x_wconf 88' lang='lat' dir='ltr'><strong>defecerant</strong></span> 
     </span>
     <span class='ocr_line' id='line_1_17' title="bbox 194 2071 1371 2168; baseline 0.007 -25"><span class='ocrx_word' id='word_1_128' title='bbox 194 2086 325 2163; x_wconf 87' lang='lat' dir='ltr'><strong>praeter</strong></span> <span class='ocrx_word' id='word_1_129' title='bbox 363 2078 567 2162; x_wconf 79' lang='lat' dir='ltr'><strong>Philippum3</strong></span> <span class='ocrx_word' id='word_1_130' title='bbox 607 2077 791 2162; x_wconf 84' lang='lat' dir='ltr'><strong>Lysimachi</strong></span> <span class='ocrx_word' id='word_1_131' title='bbox 831 2086 902 2143; x_wconf 85' lang='lat' dir='ltr'><strong>erat</strong></span> <span class='ocrx_word' id='word_1_132' title='bbox 940 2079 1050 2159; x_wconf 87' lang='lat' dir='ltr'><strong>frater,</strong></span> <span class='ocrx_word' id='word_1_133' title='bbox 1088 2087 1159 2147; x_wconf 90' lang='lat' dir='ltr'><strong>tum</strong></span> <span class='ocrx_word' id='word_1_134' title='bbox 1200 2071 1371 2168; x_wconf 37' lang='lat' dir='ltr'><strong>primum*</strong></span> 
     </span>
     <span class='ocr_line' id='line_1_18' title="bbox 193 2182 1343 2266; baseline 0.007 -20"><span class='ocrx_word' id='word_1_135' title='bbox 193 2182 326 2246; x_wconf 90' lang='lat' dir='ltr'><strong>adultus</strong></span> <span class='ocrx_word' id='word_1_136' title='bbox 355 2189 397 2259; x_wconf 89' lang='grc'><strong>91,</strong></span> <span class='ocrx_word' id='word_1_137' title='bbox 432 2182 517 2266; x_wconf 91' lang='lat' dir='ltr'><strong>quod</strong></span> <span class='ocrx_word' id='word_1_138' title='bbox 543 2182 638 2247; x_wconf 87' lang='lat' dir='ltr'><strong>facile</strong></span> <span class='ocrx_word' id='word_1_139' title='bbox 662 2183 848 2265; x_wconf 86' lang='lat' dir='ltr'><strong>adpareret,</strong></span> <span class='ocrx_word' id='word_1_140' title='bbox 881 2182 1000 2247; x_wconf 89' lang='lat' dir='ltr'><strong>indolis</strong></span> <span class='ocrx_word' id='word_1_141' title='bbox 1028 2205 1140 2265; x_wconf 82' lang='lat' dir='ltr'><strong>rarae3</strong></span> <span class='ocrx_word' id='word_1_142' title='bbox 1175 2189 1201 2251; x_wconf 90' lang='grc'><strong>19</strong></span> <span class='ocrx_word' id='word_1_143' title='bbox 1230 2189 1343 2266; x_wconf 88' lang='lat' dir='ltr'><strong>pedes&#39;</strong></span> 
     </span>
     <span class='ocr_line' id='line_1_19' title="bbox 193 2284 1344 2375; baseline 0.008 -26"><span class='ocrx_word' id='word_1_144' title='bbox 193 2291 269 2349; x_wconf 88' lang='lat' dir='ltr'><strong>cett.</strong></span> <span class='ocrx_word' id='word_1_145' title='bbox 315 2285 391 2349; x_wconf 89' lang='lat' dir='ltr'><strong>item</strong></span> <span class='ocrx_word' id='word_1_146' title='bbox 417 2284 515 2363; x_wconf 85' lang='grc'><strong>1116,</strong></span> <span class='ocrx_word' id='word_1_147' title='bbox 543 2290 556 2347; x_wconf 92' lang='lat' dir='ltr'><strong>l</strong></span> <span class='ocrx_word' id='word_1_148' title='bbox 590 2286 672 2349; x_wconf 88' lang='lat' dir='ltr'><strong>‘erat</strong></span> <span class='ocrx_word' id='word_1_149' title='bbox 705 2287 791 2350; x_wconf 85' lang='lat' dir='ltr'><strong>inter</strong></span> <span class='ocrx_word' id='word_1_150' title='bbox 825 2285 950 2350; x_wconf 88' lang='lat' dir='ltr'><strong>nobiles</strong></span> <span class='ocrx_word' id='word_1_151' title='bbox 983 2286 1128 2353; x_wconf 89' lang='lat' dir='ltr'><strong>medicos</strong></span> <span class='ocrx_word' id='word_1_152' title='bbox 1156 2289 1344 2375; x_wconf 83' lang='lat' dir='ltr'><strong>Philippus3</strong></span> 
     </span>
     <span class='ocr_line' id='line_1_20' title="bbox 192 2387 1343 2472; baseline 0.005 -20"><span class='ocrx_word' id='word_1_153' title='bbox 192 2409 293 2470; x_wconf 86' lang='lat' dir='ltr'><strong>puero</strong></span> <span class='ocrx_word' id='word_1_154' title='bbox 328 2408 434 2452; x_wconf 88' lang='lat' dir='ltr'><strong>eomes</strong></span> <span class='ocrx_word' id='word_1_155' title='bbox 463 2392 501 2451; x_wconf 91' lang='grc'><strong>’91</strong></span> <span class='ocrx_word' id='word_1_156' title='bbox 530 2394 639 2452; x_wconf 86' lang='grc'><strong>999199</strong></span> <span class='ocrx_word' id='word_1_157' title='bbox 670 2387 785 2452; x_wconf 84' lang='grc'><strong>9919119</strong></span> <span class='ocrx_word' id='word_1_158' title='bbox 815 2388 911 2453; x_wconf 89' lang='lat' dir='ltr'><strong>datus</strong></span> <span class='ocrx_word' id='word_1_159' title='bbox 940 2410 1003 2452; x_wconf 92' lang='lat' dir='ltr'><strong>uon</strong></span> <span class='ocrx_word' id='word_1_160' title='bbox 1032 2397 1068 2453; x_wconf 91' lang='lat' dir='ltr'><strong>ut</strong></span> <span class='ocrx_word' id='word_1_161' title='bbox 1094 2413 1203 2472; x_wconf 83' lang='lat' dir='ltr'><strong>regem</strong></span> <span class='ocrx_word' id='word_1_162' title='bbox 1233 2395 1343 2472; x_wconf 89' lang='lat' dir='ltr'><strong>modo,</strong></span> 
     </span>
     <span class='ocr_line' id='line_1_21' title="bbox 193 2489 1343 2576; baseline 0.006 -21"><span class='ocrx_word' id='word_1_163' title='bbox 193 2489 250 2555; x_wconf 89' lang='lat' dir='ltr'><strong>sed</strong></span> <span class='ocrx_word' id='word_1_164' title='bbox 285 2491 382 2554; x_wconf 87' lang='lat' dir='ltr'><strong>ctiam</strong></span> <span class='ocrx_word' id='word_1_165' title='bbox 413 2496 449 2555; x_wconf 88' lang='lat' dir='ltr'><strong>ut</strong></span> <span class='ocrx_word' id='word_1_166' title='bbox 478 2491 642 2555; x_wconf 89' lang='lat' dir='ltr'><strong>alumnum</strong></span> <span class='ocrx_word' id='word_1_167' title='bbox 680 2492 798 2554; x_wconf 81' lang='lat' dir='ltr'><strong>eximia</strong></span> <span class='ocrx_word' id='word_1_168' title='bbox 832 2492 969 2555; x_wconf 87' lang='lat' dir='ltr'><strong>caritate</strong></span> <span class='ocrx_word' id='word_1_169' title='bbox 1005 2492 1178 2576; x_wconf 77' lang='lat' dir='ltr'><strong>dilIgebat3</strong></span> <span class='ocrx_word' id='word_1_170' title='bbox 1212 2498 1240 2560; x_wconf 91' lang='lat' dir='ltr'><strong>is</strong></span> <span class='ocrx_word' id='word_1_171' title='bbox 1276 2521 1343 2562; x_wconf 92' lang='lat' dir='ltr'><strong>non</strong></span> 
     </span>
     <span class='ocr_line' id='line_1_22' title="bbox 194 2582 1343 2679; baseline 0.006 -21"><span class='ocrx_word' id='word_1_172' title='bbox 194 2589 361 2677; x_wconf 88' lang='lat' dir='ltr'><strong>praeceps’</strong></span> <span class='ocrx_word' id='word_1_173' title='bbox 389 2600 464 2658; x_wconf 87' lang='lat' dir='ltr'><strong>cett.</strong></span> <span class='ocrx_word' id='word_1_174' title='bbox 510 2594 541 2657; x_wconf 94' lang='grc'><strong>19</strong></span> <span class='ocrx_word' id='word_1_175' title='bbox 578 2593 715 2658; x_wconf 90' lang='lat' dir='ltr'><strong>eandem</strong></span> <span class='ocrx_word' id='word_1_176' title='bbox 748 2582 887 2658; x_wconf 82' lang='grc'><strong>1999991</strong></span> <span class='ocrx_word' id='word_1_177' title='bbox 921 2596 1018 2659; x_wconf 91' lang='lat' dir='ltr'><strong>etiam</strong></span> <span class='ocrx_word' id='word_1_178' title='bbox 1053 2597 1110 2660; x_wconf 87' lang='grc'><strong>1119</strong></span> <span class='ocrx_word' id='word_1_179' title='bbox 1143 2600 1343 2679; x_wconf 83' lang='lat' dir='ltr'><strong>reuocanda,</strong></span> 
     </span>
     <span class='ocr_line' id='line_1_23' title="bbox 193 2695 1343 2781; baseline 0.008 -22"><span class='ocrx_word' id='word_1_180' title='bbox 193 2717 277 2781; x_wconf 88' lang='lat' dir='ltr'><strong>quae</strong></span> <span class='ocrx_word' id='word_1_181' title='bbox 312 2702 387 2761; x_wconf 88' lang='lat' dir='ltr'><strong>sunt</strong></span> <span class='ocrx_word' id='word_1_182' title='bbox 415 2696 491 2759; x_wconf 91' lang='lat' dir='ltr'>VIII</span> <span class='ocrx_word' id='word_1_183' title='bbox 525 2701 553 2774; x_wconf 84' lang='grc'><strong>6,</strong></span> <span class='ocrx_word' id='word_1_184' title='bbox 575 2702 601 2769; x_wconf 57' lang='grc'><strong>,8</strong></span> <span class='ocrx_word' id='word_1_185' title='bbox 637 2695 841 2762; x_wconf 85' lang='lat' dir='ltr'><strong>‘Hermolaus</strong></span> <span class='ocrx_word' id='word_1_186' title='bbox 877 2695 995 2761; x_wconf 89' lang='lat' dir='ltr'><strong>deflere</strong></span> <span class='ocrx_word' id='word_1_187' title='bbox 1029 2701 1116 2781; x_wconf 90' lang='lat' dir='ltr'><strong>apud</strong></span> <span class='ocrx_word' id='word_1_188' title='bbox 1154 2699 1343 2768; x_wconf 85' lang='lat' dir='ltr'><strong>Sostratum</strong></span> 
     </span>
     <span class='ocr_line' id='line_1_24' title="bbox 136 2787 1343 2885; baseline 0.005 -21"><span class='ocrx_word' id='word_1_189' title='bbox 136 2806 138 2811; x_wconf 86' lang='grc'><strong>’</strong></span> <span class='ocrx_word' id='word_1_190' title='bbox 192 2800 315 2883; x_wconf 82' lang='lat' dir='ltr'><strong>coepit3</strong></span> <span class='ocrx_word' id='word_1_191' title='bbox 339 2820 378 2863; x_wconf 87' lang='lat' dir='ltr'><strong>ex</strong></span> <span class='ocrx_word' id='word_1_192' title='bbox 402 2800 514 2862; x_wconf 90' lang='lat' dir='ltr'><strong>eadem</strong></span> <span class='ocrx_word' id='word_1_193' title='bbox 540 2798 673 2863; x_wconf 86' lang='lat' dir='ltr'><strong>cohorte</strong></span> <span class='ocrx_word' id='word_1_194' title='bbox 698 2806 778 2879; x_wconf 87' lang='lat' dir='ltr'><strong>erat,</strong></span> <span class='ocrx_word' id='word_1_195' title='bbox 803 2821 913 2865; x_wconf 87' lang='lat' dir='ltr'><strong>amore</strong></span> <span class='ocrx_word' id='word_1_196' title='bbox 932 2801 1000 2865; x_wconf 90' lang='lat' dir='ltr'><strong>eius</strong></span> <span class='ocrx_word' id='word_1_197' title='bbox 1018 2787 1151 2882; x_wconf 85' lang='lat' dir='ltr'><strong>ardeus;</strong></span> <span class='ocrx_word' id='word_1_198' title='bbox 1175 2805 1230 2885; x_wconf 90' lang='lat' dir='ltr'><strong>qui</strong></span> <span class='ocrx_word' id='word_1_199' title='bbox 1255 2808 1343 2870; x_wconf 92' lang='lat' dir='ltr'><strong>cum’</strong></span> 
     </span>
     <span class='ocr_line' id='line_1_25' title="bbox 192 2901 1362 2989; baseline 0.006 -22"><span class='ocrx_word' id='word_1_200' title='bbox 192 2909 278 2978; x_wconf 79' lang='lat' dir='ltr'><strong>cett,</strong></span> <span class='ocrx_word' id='word_1_201' title='bbox 313 2909 476 2986; x_wconf 87' lang='lat' dir='ltr'><strong>expuncto</strong></span> <span class='ocrx_word' id='word_1_202' title='bbox 511 2901 699 2967; x_wconf 82' lang='lat' dir='ltr'><strong>‘Sostratus&#39;</strong></span> <span class='ocrx_word' id='word_1_203' title='bbox 734 2910 811 2985; x_wconf 89' lang='lat' dir='ltr'><strong>post</strong></span> <span class='ocrx_word' id='word_1_204' title='bbox 845 2904 943 2982; x_wconf 89' lang='lat' dir='ltr'><strong>‘erat’,</strong></span> <span class='ocrx_word' id='word_1_205' title='bbox 978 2904 1066 2986; x_wconf 91' lang='lat' dir='ltr'><strong>quod</strong></span> <span class='ocrx_word' id='word_1_206' title='bbox 1100 2907 1264 2989; x_wconf 86' lang='lat' dir='ltr'><strong>quispiam</strong></span> <span class='ocrx_word' id='word_1_207' title='bbox 1299 2931 1362 2974; x_wconf 91' lang='grc'><strong>99·</strong></span> 
     </span>
     <span class='ocr_line' id='line_1_26' title="bbox 193 3005 1342 3084; baseline 0.004 -14"><span class='ocrx_word' id='word_1_208' title='bbox 193 3005 283 3070; x_wconf 88' lang='lat' dir='ltr'><strong>‘erat&#39;</strong></span> <span class='ocrx_word' id='word_1_209' title='bbox 312 3005 354 3068; x_wconf 85' lang='lat' dir='ltr'><strong>ad</strong></span> <span class='ocrx_word' id='word_1_210' title='bbox 378 3005 587 3069; x_wconf 89' lang='lat' dir='ltr'><strong>Hermolaum</strong></span> <span class='ocrx_word' id='word_1_211' title='bbox 616 3005 802 3084; x_wconf 84' lang='lat' dir='ltr'><strong>referretur,</strong></span> <span class='ocrx_word' id='word_1_212' title='bbox 837 3006 972 3071; x_wconf 85' lang='lat' dir='ltr'><strong>addidit.</strong></span> <span class='ocrx_word' id='word_1_213' title='bbox 1018 3007 1122 3072; x_wconf 89' lang='lat' dir='ltr'><strong>simile</strong></span> <span class='ocrx_word' id='word_1_214' title='bbox 1156 3018 1206 3073; x_wconf 92' lang='grc'><strong>991</strong></span> <span class='ocrx_word' id='word_1_215' title='bbox 1239 3012 1342 3076; x_wconf 88' lang='lat' dir='ltr'><strong>etiam</strong></span> 
     </span>
     <span class='ocr_line' id='line_1_27' title="bbox 194 3108 1343 3196; baseline 0.007 -26"><span class='ocrx_word' id='word_1_216' title='bbox 194 3108 253 3171; x_wconf 91' lang='lat' dir='ltr'><strong>VII</strong></span> <span class='ocrx_word' id='word_1_217' title='bbox 278 3113 304 3185; x_wconf 92' lang='grc'><strong>1,</strong></span> <span class='ocrx_word' id='word_1_218' title='bbox 330 3111 410 3170; x_wconf 83' lang='grc'><strong>5-6</strong></span> <span class='ocrx_word' id='word_1_219' title='bbox 435 3108 628 3191; x_wconf 79' lang='lat' dir='ltr'><strong>asyndeton:</strong></span> <span class='ocrx_word' id='word_1_220' title='bbox 659 3108 839 3173; x_wconf 83' lang='lat' dir='ltr'><strong>‘Atherrias</strong></span> <span class='ocrx_word' id='word_1_221' title='bbox 863 3110 1028 3192; x_wconf 85' lang='lat' dir='ltr'><strong>postulare</strong></span> <span class='ocrx_word' id='word_1_222' title='bbox 1053 3112 1170 3194; x_wconf 83' lang='lat' dir='ltr'><strong>coepit,</strong></span> <span class='ocrx_word' id='word_1_223' title='bbox 1193 3119 1231 3175; x_wconf 91' lang='lat' dir='ltr'><strong>ut</strong></span> <span class='ocrx_word' id='word_1_224' title='bbox 1254 3113 1343 3196; x_wconf 88' lang='lat' dir='ltr'><strong>Lyn-</strong></span> 
     </span>
     <span class='ocr_line' id='line_1_28' title="bbox 192 3210 1343 3291; baseline 0.006 -17"><span class='ocrx_word' id='word_1_225' title='bbox 192 3217 295 3274; x_wconf 86' lang='lat' dir='ltr'><strong>cestes</strong></span> <span class='ocrx_word' id='word_1_226' title='bbox 326 3210 510 3274; x_wconf 79' lang='lat' dir='ltr'><strong>Alexander</strong></span> <span class='ocrx_word' id='word_1_227' title='bbox 540 3210 764 3291; x_wconf 82' lang='lat' dir='ltr'><strong>exhiberetur3</strong></span> <span class='ocrx_word' id='word_1_228' title='bbox 799 3232 819 3274; x_wconf 93' lang='lat' dir='ltr'><strong>a</strong></span> <span class='ocrx_word' id='word_1_229' title='bbox 853 3212 980 3277; x_wconf 89' lang='lat' dir='ltr'><strong>duobus</strong></span> <span class='ocrx_word' id='word_1_230' title='bbox 1014 3212 1176 3277; x_wconf 90' lang='lat' dir='ltr'><strong>iudicibus</strong></span> <span class='ocrx_word' id='word_1_231' title='bbox 1212 3215 1343 3282; x_wconf 86' lang='lat' dir='ltr'><strong>delatus</strong></span> 
     </span>
     <span class='ocr_line' id='line_1_29' title="bbox 192 3313 1029 3379; baseline 0.002 -3"><span class='ocrx_word' id='word_1_232' title='bbox 192 3315 324 3377; x_wconf 91' lang='lat' dir='ltr'><strong>tertium</strong></span> <span class='ocrx_word' id='word_1_233' title='bbox 347 3315 410 3378; x_wconf 88' lang='lat' dir='ltr'><strong>iam</strong></span> <span class='ocrx_word' id='word_1_234' title='bbox 435 3335 555 3378; x_wconf 88' lang='lat' dir='ltr'><strong>annum</strong></span> <span class='ocrx_word' id='word_1_235' title='bbox 580 3313 793 3378; x_wconf 89' lang='lat' dir='ltr'><strong>cohibebatur</strong></span> <span class='ocrx_word' id='word_1_236' title='bbox 815 3316 848 3379; x_wconf 92' lang='lat' dir='ltr'><strong>in</strong></span> <span class='ocrx_word' id='word_1_237' title='bbox 871 3315 1029 3379; x_wconf 84' lang='lat' dir='ltr'><strong>uinculis&#39;.</strong></span> 
     </span>
    </p>

    <p class='ocr_par' dir='ltr' id='par_1_3' title="bbox 189 3413 1343 3912">
     <span class='ocr_line' id='line_1_30' title="bbox 320 3413 1341 3500; baseline 0.007 -21"><span class='ocrx_word' id='word_1_238' title='bbox 320 3421 348 3495; x_wconf 88' lang='lat'><strong>3,</strong></span> <span class='ocrx_word' id='word_1_239' title='bbox 375 3421 413 3479; x_wconf 89' lang='lat'><strong>10</strong></span> <span class='ocrx_word' id='word_1_240' title='bbox 439 3413 461 3479; x_wconf 87' lang='lat' dir='ltr'>P</span> <span class='ocrx_word' id='word_1_241' title='bbox 486 3436 591 3480; x_wconf 87' lang='lat' dir='ltr'><strong>omues</strong></span> <span class='ocrx_word' id='word_1_242' title='bbox 621 3417 663 3495; x_wconf 87' lang='lat' dir='ltr'><strong>hi,</strong></span> <span class='ocrx_word' id='word_1_243' title='bbox 697 3418 793 3482; x_wconf 82' lang='lat' dir='ltr'><strong>simul</strong></span> <span class='ocrx_word' id='word_1_244' title='bbox 819 3423 906 3500; x_wconf 72' lang='lat' dir='ltr'><strong>terpc</strong></span> <span class='ocrx_word' id='word_1_245' title='bbox 933 3424 1044 3483; x_wconf 80' lang='lat' dir='ltr'><strong>ruortru</strong></span> <span class='ocrx_word' id='word_1_246' title='bbox 1073 3420 1218 3498; x_wconf 79' lang='lat' dir='ltr'><strong>uiderint,</strong></span> <span class='ocrx_word' id='word_1_247' title='bbox 1252 3423 1341 3485; x_wconf 87' lang='lat' dir='ltr'><strong>siuc-</strong></span> 
     </span>
     <span class='ocr_line' id='line_1_31' title="bbox 190 3520 1343 3605; baseline 0.007 -23"><span class='ocrx_word' id='word_1_248' title='bbox 190 3524 342 3601; x_wconf 57' lang='grc'><strong>999999·</strong></span> <span class='ocrx_word' id='word_1_249' title='bbox 376 3521 477 3583; x_wconf 90' lang='lat' dir='ltr'><strong>ceteri</strong></span> <span class='ocrx_word' id='word_1_250' title='bbox 510 3520 604 3585; x_wconf 92' lang='lat' dir='ltr'><strong>codd.</strong></span> <span class='ocrx_word' id='word_1_251' title='bbox 631 3521 868 3604; x_wconf 86' lang='lat' dir='ltr'><strong>‘sisequentur&#39;‚</strong></span> <span class='ocrx_word' id='word_1_252' title='bbox 903 3522 989 3586; x_wconf 92' lang='lat' dir='ltr'><strong>unde</strong></span> <span class='ocrx_word' id='word_1_253' title='bbox 1011 3523 1138 3605; x_wconf 90' lang='lat' dir='ltr'><strong>Ieepius</strong></span> <span class='ocrx_word' id='word_1_254' title='bbox 1161 3524 1343 3591; x_wconf 89' lang='lat' dir='ltr'><strong>uiolentius</strong></span> 
     </span>
     <span class='ocr_line' id='line_1_32' title="bbox 191 3622 1341 3707; baseline 0.004 -21"><span class='ocrx_word' id='word_1_255' title='bbox 191 3622 276 3687; x_wconf 88' lang='lat' dir='ltr'><strong>‘illos</strong></span> <span class='ocrx_word' id='word_1_256' title='bbox 301 3622 487 3707; x_wconf 85' lang='lat' dir='ltr'><strong>sequentur&#39;</strong></span> <span class='ocrx_word' id='word_1_257' title='bbox 510 3623 602 3702; x_wconf 81' lang='lat' dir='ltr'><strong>fecit3</strong></span> <span class='ocrx_word' id='word_1_258' title='bbox 633 3624 737 3688; x_wconf 88' lang='lat' dir='ltr'><strong>lenius</strong></span> <span class='ocrx_word' id='word_1_259' title='bbox 760 3625 826 3688; x_wconf 88' lang='lat' dir='ltr'><strong>iam</strong></span> <span class='ocrx_word' id='word_1_260' title='bbox 849 3646 865 3687; x_wconf 90' lang='lat' dir='ltr'><strong>e</strong></span> <span class='ocrx_word' id='word_1_261' title='bbox 890 3625 1053 3706; x_wconf 86' lang='lat' dir='ltr'><strong>scriptura</strong></span> <span class='ocrx_word' id='word_1_262' title='bbox 1078 3625 1102 3688; x_wconf 89' lang='lat' dir='ltr'>P</span> <span class='ocrx_word' id='word_1_263' title='bbox 1125 3628 1341 3707; x_wconf 77' lang='grc'><strong>9999911119.-</strong></span> 
     </span>
     <span class='ocr_line' id='line_1_33' title="bbox 189 3726 1341 3809; baseline 0.007 -22"><span class='ocrx_word' id='word_1_264' title='bbox 189 3738 299 3790; x_wconf 82' lang='lat' dir='ltr'><strong>rarnm</strong></span> <span class='ocrx_word' id='word_1_265' title='bbox 322 3727 509 3791; x_wconf 89' lang='lat' dir='ltr'><strong>inuersione</strong></span> <span class='ocrx_word' id='word_1_266' title='bbox 533 3726 694 3791; x_wconf 85' lang='lat' dir='ltr'><strong>efficietur</strong></span> <span class='ocrx_word' id='word_1_267' title='bbox 716 3726 931 3809; x_wconf 77' lang='lat' dir='ltr'><strong>insequentur.</strong></span> <span class='ocrx_word' id='word_1_268' title='bbox 972 3734 1005 3792; x_wconf 91' lang='lat' dir='ltr'><strong>et</strong></span> <span class='ocrx_word' id='word_1_269' title='bbox 1027 3728 1091 3792; x_wconf 92' lang='lat' dir='ltr'><strong>hoc</strong></span> <span class='ocrx_word' id='word_1_270' title='bbox 1114 3730 1213 3793; x_wconf 89' lang='lat' dir='ltr'><strong>etiam</strong></span> <span class='ocrx_word' id='word_1_271' title='bbox 1236 3730 1341 3795; x_wconf 93' lang='lat' dir='ltr'><strong>Hein-</strong></span> 
     </span>
     <span class='ocr_line' id='line_1_34' title="bbox 190 3830 928 3912; baseline 0.003 -20"><span class='ocrx_word' id='word_1_272' title='bbox 190 3830 257 3892; x_wconf 89' lang='lat' dir='ltr'><strong>sius</strong></span> <span class='ocrx_word' id='word_1_273' title='bbox 280 3830 312 3892; x_wconf 91' lang='lat' dir='ltr'><strong>iu</strong></span> <span class='ocrx_word' id='word_1_274' title='bbox 336 3831 424 3893; x_wconf 91' lang='lat' dir='ltr'><strong>notis</strong></span> <span class='ocrx_word' id='word_1_275' title='bbox 449 3830 693 3912; x_wconf 78' lang='lat' dir='ltr'><strong>marginalibus</strong></span> <span class='ocrx_word' id='word_1_276' title='bbox 927 3908 928 3912; x_wconf 7' lang='grc' dir='ltr'><strong>Ἰ</strong></span> 
     </span>
    </p>

    <p class='ocr_par' dir='ltr' id='par_1_4' title="bbox 187 3932 1341 4635">
     <span class='ocr_line' id='line_1_35' title="bbox 317 3932 1341 4015; baseline 0.008 -21"><span class='ocrx_word' id='word_1_277' title='bbox 317 3937 345 4010; x_wconf 85' lang='grc'><strong>4,</strong></span> <span class='ocrx_word' id='word_1_278' title='bbox 372 3936 389 3994; x_wconf 82' lang='grc'><strong>1</strong></span> <span class='ocrx_word' id='word_1_279' title='bbox 414 3932 437 3994; x_wconf 91' lang='lat' dir='ltr'>P</span> <span class='ocrx_word' id='word_1_280' title='bbox 467 3933 652 4015; x_wconf 81' lang='lat' dir='ltr'><strong>quicumque</strong></span> <span class='ocrx_word' id='word_1_281' title='bbox 676 3933 807 3997; x_wconf 85' lang='lat' dir='ltr'><strong>dimisso</strong></span> <span class='ocrx_word' id='word_1_282' title='bbox 830 3936 937 3996; x_wconf 84' lang='lat' dir='ltr'><strong>esseut</strong></span> <span class='ocrx_word' id='word_1_283' title='bbox 957 3933 991 3996; x_wconf 90' lang='lat' dir='ltr'><strong>iu</strong></span> <span class='ocrx_word' id='word_1_284' title='bbox 1013 3953 1189 3999; x_wconf 87' lang='lat' dir='ltr'><strong>cuueruoru.</strong></span> <span class='ocrx_word' id='word_1_285' title='bbox 1236 3939 1341 4002; x_wconf 88' lang='lat' dir='ltr'><strong>ceteri</strong></span> 
     </span>
     <span class='ocr_line' id='line_1_36' title="bbox 189 4033 1339 4118; baseline 0.005 -21"><span class='ocrx_word' id='word_1_286' title='bbox 189 4055 260 4098; x_wconf 93' lang='lat' dir='ltr'><strong>cum</strong></span> <span class='ocrx_word' id='word_1_287' title='bbox 286 4033 438 4098; x_wconf 90' lang='lat' dir='ltr'><strong>mendum</strong></span> <span class='ocrx_word' id='word_1_288' title='bbox 460 4035 542 4099; x_wconf 91' lang='lat' dir='ltr'><strong>illud</strong></span> <span class='ocrx_word' id='word_1_289' title='bbox 565 4036 697 4118; x_wconf 87' lang='lat' dir='ltr'><strong>quidem</strong></span> <span class='ocrx_word' id='word_1_290' title='bbox 721 4041 872 4118; x_wconf 86' lang='lat' dir='ltr'><strong>apertum</strong></span> <span class='ocrx_word' id='word_1_291' title='bbox 895 4042 991 4114; x_wconf 88' lang='lat' dir='ltr'><strong>esset,</strong></span> <span class='ocrx_word' id='word_1_292' title='bbox 1018 4037 1074 4100; x_wconf 86' lang='lat' dir='ltr'><strong>uia</strong></span> <span class='ocrx_word' id='word_1_293' title='bbox 1096 4043 1206 4103; x_wconf 88' lang='lat' dir='ltr'><strong>autem</strong></span> <span class='ocrx_word' id='word_1_294' title='bbox 1230 4059 1339 4103; x_wconf 87' lang='lat' dir='ltr'><strong>emen-</strong></span> 
     </span>
     <span class='ocr_line' id='line_1_37' title="bbox 189 4136 1339 4219; baseline 0.003 -18"><span class='ocrx_word' id='word_1_295' title='bbox 189 4136 288 4201; x_wconf 89' lang='lat' dir='ltr'><strong>dandi</strong></span> <span class='ocrx_word' id='word_1_296' title='bbox 312 4157 396 4219; x_wconf 89' lang='lat' dir='ltr'><strong>quae</strong></span> <span class='ocrx_word' id='word_1_297' title='bbox 421 4145 506 4201; x_wconf 89' lang='lat' dir='ltr'><strong>esset</strong></span> <span class='ocrx_word' id='word_1_298' title='bbox 529 4138 682 4216; x_wconf 79' lang='lat' dir='ltr'><strong>ineunda,</strong></span> <span class='ocrx_word' id='word_1_299' title='bbox 706 4160 770 4203; x_wconf 88' lang='lat' dir='ltr'><strong>uon</strong></span> <span class='ocrx_word' id='word_1_300' title='bbox 793 4139 879 4204; x_wconf 89' lang='lat' dir='ltr'><strong>inter</strong></span> <span class='ocrx_word' id='word_1_301' title='bbox 902 4160 1013 4203; x_wconf 87' lang='lat' dir='ltr'><strong>omnes</strong></span> <span class='ocrx_word' id='word_1_302' title='bbox 1037 4146 1212 4218; x_wconf 84' lang='lat' dir='ltr'><strong>constaret,</strong></span> <span class='ocrx_word' id='word_1_303' title='bbox 1237 4144 1339 4206; x_wconf 88' lang='lat' dir='ltr'><strong>corri-</strong></span> 
     </span>
     <span class='ocr_line' id='line_1_38' title="bbox 190 4240 1338 4326; baseline 0.005 -23"><span class='ocrx_word' id='word_1_304' title='bbox 190 4261 265 4321; x_wconf 84' lang='lat' dir='ltr'><strong>gere</strong></span> <span class='ocrx_word' id='word_1_305' title='bbox 289 4240 399 4305; x_wconf 88' lang='lat' dir='ltr'><strong>conati</strong></span> <span class='ocrx_word' id='word_1_306' title='bbox 423 4240 545 4303; x_wconf 82' lang='lat' dir='ltr'><strong>diuersi</strong></span> <span class='ocrx_word' id='word_1_307' title='bbox 576 4240 764 4306; x_wconf 85' lang='lat' dir='ltr'><strong>discessere.</strong></span> <span class='ocrx_word' id='word_1_308' title='bbox 810 4242 866 4306; x_wconf 89' lang='lat' dir='ltr'><strong>alii</strong></span> <span class='ocrx_word' id='word_1_309' title='bbox 895 4243 979 4306; x_wconf 90' lang='lat' dir='ltr'><strong>enim</strong></span> <span class='ocrx_word' id='word_1_310' title='bbox 1008 4242 1189 4307; x_wconf 89' lang='lat' dir='ltr'><strong>masculino</strong></span> <span class='ocrx_word' id='word_1_311' title='bbox 1217 4265 1338 4326; x_wconf 85' lang='lat' dir='ltr'><strong>genere</strong></span> 
     </span>
     <span class='ocr_line' id='line_1_39' title="bbox 189 4341 1337 4430; baseline 0.008 -26"><span class='ocrx_word' id='word_1_312' title='bbox 189 4341 443 4426; x_wconf 57' lang='lat' dir='ltr'><strong>(quicumque),</strong></span> <span class='ocrx_word' id='word_1_313' title='bbox 469 4341 555 4424; x_wconf 91' lang='lat' dir='ltr'><strong>quod</strong></span> <span class='ocrx_word' id='word_1_314' title='bbox 579 4343 718 4426; x_wconf 89' lang='lat' dir='ltr'><strong>primum</strong></span> <span class='ocrx_word' id='word_1_315' title='bbox 744 4345 882 4409; x_wconf 89' lang='lat' dir='ltr'><strong>intuenti</strong></span> <span class='ocrx_word' id='word_1_316' title='bbox 906 4345 1111 4424; x_wconf 72' lang='lat' dir='ltr'><strong>occurrebat,</strong></span> <span class='ocrx_word' id='word_1_317' title='bbox 1144 4346 1275 4430; x_wconf 88' lang='lat' dir='ltr'><strong>decepti</strong></span> <span class='ocrx_word' id='word_1_318' title='bbox 1303 4350 1337 4413; x_wconf 91' lang='lat' dir='ltr'><strong>in</strong></span> 
     </span>
     <span class='ocr_line' id='line_1_40' title="bbox 187 4445 1337 4529; baseline 0.006 -21"><span class='ocrx_word' id='word_1_319' title='bbox 187 4445 284 4509; x_wconf 89' lang='lat' dir='ltr'><strong>huius</strong></span> <span class='ocrx_word' id='word_1_320' title='bbox 328 4445 466 4511; x_wconf 87' lang='lat' dir='ltr'><strong>formam</strong></span> <span class='ocrx_word' id='word_1_321' title='bbox 511 4466 625 4509; x_wconf 91' lang='lat' dir='ltr'><strong>uocem</strong></span> <span class='ocrx_word' id='word_1_322' title='bbox 665 4448 846 4529; x_wconf 89' lang='lat' dir='ltr'><strong>proximam</strong></span> <span class='ocrx_word' id='word_1_323' title='bbox 887 4447 1040 4512; x_wconf 76' lang='lat' dir='ltr'><strong>‘dimissa&#39;</strong></span> <span class='ocrx_word' id='word_1_324' title='bbox 1082 4455 1337 4527; x_wconf 84' lang='lat' dir='ltr'><strong>commutarunt,</strong></span> 
     </span>
     <span class='ocr_line' id='line_1_41' title="bbox 188 4547 1337 4635; baseline 0.005 -25"><span class='ocrx_word' id='word_1_325' title='bbox 188 4567 306 4628; x_wconf 82' lang='lat' dir='ltr'><strong>genere</strong></span> <span class='ocrx_word' id='word_1_326' title='bbox 330 4547 501 4612; x_wconf 80' lang='lat' dir='ltr'><strong>manifeste</strong></span> <span class='ocrx_word' id='word_1_327' title='bbox 525 4569 626 4631; x_wconf 90' lang='lat' dir='ltr'><strong>prauo</strong></span> <span class='ocrx_word' id='word_1_328' title='bbox 657 4550 714 4627; x_wconf 89' lang='grc'><strong>991,</strong></span> <span class='ocrx_word' id='word_1_329' title='bbox 748 4550 869 4633; x_wconf 84' lang='lat' dir='ltr'><strong>quippe</strong></span> <span class='ocrx_word' id='word_1_330' title='bbox 903 4571 975 4614; x_wconf 92' lang='lat' dir='ltr'><strong>cum</strong></span> <span class='ocrx_word' id='word_1_331' title='bbox 1009 4551 1145 4635; x_wconf 87' lang='lat' dir='ltr'><strong>quasuis</strong></span> <span class='ocrx_word' id='word_1_332' title='bbox 1174 4573 1237 4630; x_wconf 87' lang='lat' dir='ltr'><strong>res,</strong></span> <span class='ocrx_word' id='word_1_333' title='bbox 1270 4574 1337 4617; x_wconf 90' lang='lat' dir='ltr'><strong>non</strong></span> 
     </span>
    </p>
   </div>
   <div class='ocr_carea' id='block_1_3' title="bbox 0 0 1538 5152">
    <p class='ocr_par' dir='ltr' id='par_1_5' title="bbox 0 0 1538 5152">
     <span class='ocr_line' id='line_1_42' title="bbox 0 0 1538 5152; baseline 0 3"><span class='ocrx_word' id='word_1_334' title='bbox 0 0 1538 5152; x_wconf 95' lang='lat' dir='ltr'><strong> </strong></span> 
     </span>
    </p>
   </div>
  </div>
 </body>
</html>
