3068 5152
756 363 797 424 45

190 548 363 629 positione,
399 550 524 614 utiam
547 548 602 612 diu
627 555 702 614 ante
726 549 768 613 cb
792 549 875 629 aliia,
911 550 1013 614 ueluti
1042 550 1083 615 ab
1108 550 1273 633 Maduigio
1297 550 1340 614 ad

192 647 256 713 Cic.
294 650 363 715 Fin.
393 651 457 715 IIII
491 655 540 729 24,
577 655 616 726 646
651 659 683 715 et
717 652 952 717 Weissenborn.
999 653 1040 717 ad
1075 652 1144 717 Liu.
1173 652 1200 716 V
1230 657 1278 732 54,
1313 657 1341 732 6,

190 759 339 818 notatum
362 762 420 832 est,
445 776 572 836 semper
594 756 626 817 iu
651 755 859 819 concedendo
882 757 929 820 ita
953 755 1062 820 Latini
1085 755 1273 829 utebantur,
1304 763 1342 819 ut

191 862 251 919 aut
285 857 507 922 coniunctioni
541 853 622 921 ‘etsi'
658 866 715 922 aut
743 858 889 923 ‘etiarnsi'
924 860 1014 923 notio
1049 859 1118 922 eius
1152 879 1212 941 par
1246 865 1340 922 esset.

191 956 275 1021 hanc
309 959 409 1041 igitur
442 961 508 1023 uim
537 960 771 1042 particularum
801 961 855 1024 hio
886 982 957 1025 cum
982 961 1040 1024 1111
1063 962 1206 1025 ironicae
1230 961 1340 1025 condi·
1378 1027 1384 1040 ,

191 1061 295 1126 cionis
330 1063 494 1127 sententia
527 1063 599 1126 ‘nisi
627 1060 721 1127 forte'
756 1048 833 1128 cett.
859 1063 943 1128 male
978 1084 1155 1144 congruere
1183 1064 1280 1142 uideo
1309 1071 1342 1129 ct

193 1164 241 1227 sic
264 1186 366 1247 prope
390 1165 429 1230 iis
453 1165 563 1242 adimi,
587 1164 721 1229 eandem
746 1167 786 1230 iis
802 1166 966 1230 redditum
983 1167 1032 1244 iri,
1056 1167 1083 1230 si
1102 1188 1173 1230 curn
1192 1168 1340 1249 proxime

191 1267 404 1350 sequentibus
421 1269 576 1349 iungatur
596 1269 786 1332 concessiua
804 1271 967 1333 sententia
986 1270 1031 1333 ‘ut
1048 1270 1171 1343 iam-
1184 1269 1339 1352 obsequi’,

192 1370 467 1452 quemadmodum
497 1378 529 1434 et
559 1371 639 1434 alibi
668 1393 764 1454 saepe
793 1371 950 1435 refutatio
981 1373 1094 1455 incipit
1117 1377 1150 1435 et
1172 1393 1271 1455 supra
1293 1373 1342 1437 111

193 1478 220 1550 5,
244 1476 262 1535 7
286 1473 337 1538 his
355 1474 524 1555 particulis
549 1471 679 1538 Curtius
702 1497 779 1538 usus
804 1481 884 1538 erat.
901 1474 1079 1551 -deinde,
1102 1475 1134 1537 iu
1157 1474 1230 1538 loco
1255 1477 1340 1539 enim

192 1575 375 1640 enarrando
399 1577 666 1660 emendandoque
690 1599 800 1660 pergo,
825 1578 910 1659 quod
936 1578 1035 1660 priori
1058 1578 1105 1640 illi
1128 1598 1185 1641 uec
1208 1584 1284 1643 ante
1307 1579 1341 1642 aa·

191 1679 298 1761 posito
334 1679 559 1744 emendatione
593 1679 748 1743 luniauae
782 1681 945 1759 editionis,
981 1680 1014 1743 id
1048 1687 1108 1758 est,
1142 1687 1179 1745 ut
1200 1681 1340 1764 uidetur,

193 1781 314 1845 codicis
344 1782 482 1845 alicuius
514 1783 694 1860 deterioria,
729 1789 866 1865 accepta
895 1783 1038 1847 editores
1068 1783 1206 1847 alterum
1229 1785 1340 1867 paullo

192 1884 277 1948 infra
297 1883 380 1964 (bec
397 1885 459 1964 boc
482 1885 677 1967 imperium')
701 1886 793 1968 sequi
816 1885 940 1963 iubent,
964 1908 1027 1949 non
1052 1886 1127 1950 talis
1151 1888 1220 1949 eius
1243 1907 1340 1967 nega-

192 1988 291 2051 tionis
315 1989 348 2050 in
371 1987 433 2052 hac
457 1988 597 2051 dictione
611 1992 679 2051 ‘nec
703 1989 735 2051 di
758 1988 903 2052 siueriut'
919 1995 1039 2053 natura
1062 1994 1120 2067 est,
1142 1997 1179 2052 ut
1201 1989 1340 2054 alterum

190 2111 247 2154 uec
279 2092 436 2173 requirat.
488 2112 570 2154 uam
599 2112 671 2154 cum
707 2112 726 2153 a
760 2091 977 2173 scriptoribus
1011 2091 1137 2155 Latinis
1171 2113 1191 2156 1
1223 2092 1340 2157 Plauto

192 2215 296 2276 usque
316 2193 358 2258 ad
378 2193 506 2257 Liuium
526 2197 575 2258 ‘ne
596 2194 627 2257 di
650 2195 745 2258 sirint
758 2196 901 2271 (sinant),
926 2216 965 2257 ne
990 2195 1077 2257 istud
1089 2194 1236 2277 Iuppiter
1260 2197 1341 2273 sirit,

191 2298 223 2360 iu
255 2297 461 2379 deprecando
490 2303 685 2378 usurpatum
714 2305 803 2379 essct
836 2304 944 2380 atque.
979 2298 1006 2360 si
1040 2297 1170 2380 quando
1200 2320 1259 2381 pro
1282 2300 1340 2362 ‘ne'

192 2399 438 2464 substituissent
462 2398 549 2476 ‘nec',
584 2421 623 2462 ea
651 2421 686 2463 re
715 2421 787 2464 cunr
815 2399 1039 2484 superioribus
1062 2401 1214 2483 coniungi
1239 2401 1341 2466 uerba

191 2503 384 2580 uoluissent,
407 2502 449 2566 ab
473 2524 510 2565 eo
534 2509 690 2585 ternpore,
714 2524 777 2586 quo
802 2503 880 2567 ‘uec’
903 2525 961 2587 pro
986 2505 1034 2566 ‘ne
1054 2537 1091 2546 —
1112 2503 1252 2585 quidem'
1276 2504 1341 2569 dici

193 2611 344 2688 coeptum
369 2611 427 2682 cst,
461 2611 592 2687 praeter
614 2605 706 2669 illum
730 2612 875 2670 ueterem
900 2628 1006 2683 usum,
1042 2607 1097 2690 qui¹
1125 2607 1223 2670 etiarn
1247 2629 1340 2691 prae-

192 2709 303 2772 ualere
336 2709 478 2780 uidetur,
515 2710 585 2771 ‘uec
615 2708 647 2771 di
671 2710 779 2774 sinant
803 2709 921 2791 (sirint,
955 2708 1147 2792 patiantur)’
1169 2710 1217 2773 ita
1240 2699 1340 2793 scrip-

192 2819 280 2876 tores
299 2818 444 2888 utuntur,
468 2818 504 2874 ut
523 2810 736 2892 significetur:
761 2814 808 2874 ‘ue
828 2807 859 2874 di
877 2813 1008 2895 quidem
1029 2814 1139 2876 sinunt
1152 2803 1209 2875 'uel
1223 2813 1338 2892 sinent,

192 2913 224 2978 di
259 2935 389 2997 quoque
424 2913 600 2996 prohibent
633 2914 686 2977 uel
721 2913 965 2997 prohibebunt’3
1004 2935 1079 2978 nam
1114 2914 1340 2978 coniunctiuus

190 3018 380 3100 potentialis
403 3038 473 3082 esse
497 3017 635 3081 uidetur.
682 3015 743 3081 hcc
767 3018 868 3099 igitur
890 3017 1057 3080 inuenitur
1080 3016 1167 3098 apud
1190 3014 1339 3081 Curtium

190 3120 277 3184 infra
293 3120 314 3183 l.
333 3121 362 3183 X
382 3123 409 3199 6,
428 3125 468 3183 20
488 3122 557 3183 ‘nec
576 3120 606 3182 di
633 3119 755 3198 sierint,
778 3126 814 3184 ut
837 3119 1013 3185 Alexandri
1036 3117 1167 3183 fortuna
1189 3121 1339 3203 tantique

191 3225 277 3306 regis
311 3224 477 3305 fastigium
506 3224 540 3286 in
568 3223 648 3286 istos
682 3244 811 3288 umeros
845 3229 937 3303 ruat3
970 3222 1117 3286 homiues
1152 3227 1240 3286 certe
1274 3243 1339 3286 non

190 3327 315 3392 ferent’.
371 3327 513 3392 Senecae
549 3325 701 3391 Controu.
737 3325 753 3388 Ι
789 3331 815 3405 1,
852 3329 889 3390 17
925 3327 1113 3408 ‘interogam
1148 3346 1246 3408 quam
1281 3325 1337 3389 diu

191 3431 381 3512 rogauerit?
415 3450 475 3494 nec
499 3430 532 3492 di
554 3429 642 3494 istud
666 3430 844 3511 patiantur,
869 3436 907 3494 ut
930 3429 985 3492 diu
1008 3430 1192 3511 rogauerit3
1217 3429 1340 3494 diutius

190 3540 301 3607 tamen
320 3554 418 3616 quam
436 3532 492 3611 tu’,
517 3531 574 3595 ubi
586 3531 763 3596 Bursianus
777 3539 810 3596 ct
823 3533 1039 3612 Kiesslingius
1058 3533 1126 3596 sine
1144 3533 1339 3597 necessitate

191 3643 224 3701 et
248 3658 347 3718 praue
371 3672 410 3680 -
434 3635 644 3709 interdictum
681 3636 763 3698 enim
799 3635 923 3699 nullum
958 3641 1010 3699 est
1035 3670 1073 3678 —
1095 3633 1154 3696 ‘ne’
1177 3656 1236 3717 pro
1261 3635 1338 3699 ‘nec’

191 3739 357 3817 scribunt3
380 3738 457 3802 ibid.
479 3737 579 3820 praef.
600 3735 755 3801 Controu.
776 3735 793 3818 ἓ
813 3742 831 3802 9
850 3739 892 3800 ‘in
916 3737 975 3802 hos
999 3758 1058 3800 neo
1082 3735 1186 3819 [editt
1214 3736 1286 3818 ι1111]
1307 3738 1340 3800 di

190 3848 318 3907 tantum
344 3843 595 3924 <patiantur>
620 3841 698 3904 mali
732 3848 769 3904 ut
803 3840 899 3905 cadat
928 3837 1135 3925 eloquentia’.
1181 3838 1262 3903 Plin.
1288 3862 1338 3923 ep.

190 3946 221 4009 Il
245 3950 316 4031 2‚·-3
341 3946 414 4009 ‘non
438 3967 506 4008 sum
531 3944 704 4008 auditurus
718 3945 792 4008 ‘non
810 3962 899 4008 eram
916 3941 1050 4007 Romae'
1069 3941 1121 4006 uel
1138 3944 1340 4026 ‘occupatior

190 4049 297 4113 eram'.
331 4048 411 4111 illud
449 4048 531 4111 enirn
568 4068 627 4110 nec
661 4045 691 4108 di
727 4047 851 4123 sinant,
892 4052 928 4110 ut
966 4045 1145 4110 infirmior!
1199 4045 1339 4110 fortasse

106 4216 108 4222 ,
190 4152 288 4216 ctiam
322 4152 356 4216 in
390 4156 529 4234 poemat.
564 4149 685 4231 Uergil.
720 4146 796 4226 ciri,
831 4171 860 4213 u.
891 4152 969 4212 239:
1006 4149 1124 4228 (scelus
1156 4148 1338 4228 infandum)

190 4253 288 4337 ‘quod
312 4275 372 4319 nec
396 4256 484 4318 sinat
495 4253 675 4332 Adrastia,
700 4253 747 4317 sio
770 4254 852 4316 enim
879 4258 912 4316 ct
935 4253 991 4316 alii
1008 4263 1041 4316 et
1058 4251 1219 4333 Scaliger,
1244 4252 1338 4316 codd.

191 4357 297 4421 ‘sinit'.
313 4392 349 4402 -
375 4358 487 4440 itaque
510 4363 547 4420 ut
571 4355 611 4419 ad
637 4353 783 4418 Curtium
808 4360 965 4432 reuertar,
988 4355 1015 4418 si
1038 4360 1112 4437 post
1134 4353 1339 4418 ‘condonare'

190 4460 291 4538 aliud,
317 4482 414 4544 quarn
439 4461 525 4543 quod
550 4480 636 4522 nuuc
659 4465 827 4539 usurpant,
861 4457 1000 4521 lacunae
1024 4457 1203 4540 explendae
1227 4463 1341 4541 aptum

190 4562 449 4627 additamentum
493 4562 677 4645 quaeritur,
723 4562 770 4623 sic
809 4563 918 4624 sensui
958 4569 990 4624 et
1030 4565 1214 4624 structurae
1259 4561 1340 4626 satis
