3068 5152
746 368 786 428 75

192 555 282 615 tasse
303 550 459 631 ferantur,
482 553 568 616 trudi
588 573 703 617 uerum
727 555 798 618 erit.
821 554 861 618 cf.
885 551 963 616 VIII
986 558 1015 630 5,
1045 558 1086 616 24
1108 554 1205 618 ‘tradi
1227 554 1261 618 in
1286 575 1342 618 cu-

195 652 359 733 stodiam’3
390 653 456 718 cic.
480 654 572 719 Uerr.
596 656 623 720 V
648 662 676 734 5,
709 661 743 718 ll
777 656 933 720 'homines
957 655 1113 734 damnati,
1145 656 1187 720 ad
1218 657 1340 741 suppli·

193 757 278 819 cium
308 757 434 836 traditi,
468 757 511 822 ad
543 759 656 841 palum
691 759 853 842 adligati'3
891 757 960 821 Liu.
991 757 1117 821 XXIIII
1147 764 1175 837 5,
1207 764 1247 823 13
1279 761 1342 824 ‘ex-

192 859 315 942 templo
337 860 479 924 traditur
506 860 549 925 ad
573 862 797 944 supplicium’;
827 862 902 926 Tac.
927 861 1008 924 Ann.
1031 860 1077 924 XI
1107 865 1146 925 35
1177 863 1341 941 ‘Uettium
1443 936 1451 947 Ι

191 961 391 1045 Pompeium,
417 962 582 1027 Saufeium
607 965 695 1029 tradi
718 965 761 1029 ad
784 964 980 1047 supplicium
1001 963 1112 1028 iubet’.

236 1102 239 1109 ·
318 1065 386 1130 ibd.
410 1064 427 1148 ἓ
452 1070 500 1142 14,
531 1067 573 1130 ad
596 1070 794 1151 scripturam
817 1066 976 1144 codicum,
1007 1086 1091 1148 quae
1120 1067 1250 1132 ‘tamen’
1281 1076 1341 1148 est,

192 1188 291 1232 sensu
314 1189 379 1233 non
403 1169 565 1234 deteriore
590 1172 715 1235 taudem
737 1171 870 1253 propius
894 1169 1028 1234 accedet
1058 1190 1156 1252 quam
1179 1171 1341 1236 editorum
1435 1156 1438 1163 ⁵

193 1269 292 1336 ‘tum’.

321 1377 370 1453 11,
393 1378 411 1437 3
436 1374 529 1439 codd.
575 1374 719 1457 (specus)
747 1396 783 1439 os
805 1379 909 1441 ortam
931 1380 961 1440 ot
982 1374 1146 1440 obscuram
1168 1382 1233 1440 ost:
1257 1397 1338 1457 poo-

191 1474 281 1539 loto'm
303 1476 416 1540 deindo
437 1478 591 1542 ulteriora
605 1479 802 1558 pandantur,
832 1478 946 1543 ultimo
974 1480 1067 1543 otiam
1088 1479 1170 1544 altos
1197 1499 1341 1544 recessus

190 1576 310 1642 dodoci.
356 1579 564 1644 scribendum
592 1580 739 1645 uidetur:
769 1583 922 1645 interiora
951 1589 985 1646 et
1012 1581 1135 1647 intimo.
1180 1603 1255 1646 nam
1285 1583 1341 1666 qui

189 1681 225 1745 in
248 1701 380 1763 specum
404 1689 586 1763 penetrant,
617 1705 681 1748 non
705 1685 800 1763 ultra,
829 1684 886 1748 sed
908 1685 1071 1749 introrsus
1100 1705 1228 1768 semper
1251 1691 1339 1751 eunt.

191 1780 232 1846 ci.
259 1782 337 1848 VIII
368 1789 396 1863 2,
425 1786 479 1847 al:
508 1785 576 1849 ‘sed
606 1785 699 1849 aditu
735 1807 850 1868 specus
880 1788 1002 1869 accipit
1030 1789 1149 1865 lucem;
1186 1785 1341 1852 interiora

191 1887 254 1949 nisi
275 1885 379 1951 inlato
402 1887 523 1951 lumine
547 1887 687 1953 obscura
710 1890 803 1953 sunt’.

322 1992 370 2067 11,
409 1995 427 2053 s
461 1988 486 2052 P
522 1990 609 2054 uos.
647 1991 731 2055 nior.
763 1949 1031 2055 nnciauoss:
1073 1989 1267 2073 (Arimazes)
1298 2013 1339 2057 oo

190 2091 374 2157 Alexander
411 2093 505 2156 etiam
541 2093 649 2158 ooloro
674 2099 799 2173 posset,
842 2096 1023 2175 iuterropot.
1081 2096 1181 2179 ceteri
1220 2095 1340 2160 ‘etiam’

88 2272 91 2277 p
191 2197 366 2276 omittunt3
394 2195 451 2260 sed
479 2216 519 2260 ne
549 2217 645 2279 quem
674 2195 827 2274 offendat,
857 2196 943 2278 quod
973 2199 1039 2261 iam
1066 2200 1215 2289 proxima
1243 2220 1340 2281 para·

191 2299 316 2382 grapho
339 2298 426 2363 idem
449 2300 572 2378 (‘etiam
595 2300 733 2379 uolare’)
756 2301 926 2383 repetitur,
951 2301 1065 2364 eodem
1084 2300 1180 2366 modo
1200 2299 1340 2382 Curtius,

191 2422 265 2466 cum
287 2401 387 2480 1112,
413 2405 452 2463 17
476 2402 627 2467 dixisset:
656 2403 729 2466 ‘nisi
753 2403 851 2467 etiam
879 2411 1031 2466 naturam
1059 2403 1252 2488 plerumque
1274 2403 1340 2470 for·

191 2509 272 2568 tuna
304 2499 562 2587 corrumperet','
590 2505 736 2586 proxime
770 2506 866 2591 inira,
905 2506 932 2569 si
966 2506 1133 2571 codicibus
1165 2507 1246 2572 fides
1279 2515 1340 2589 est,

191 2607 306 2671 eadem
329 2606 431 2671 uerba
452 2627 517 2670 non
537 2607 703 2672 dubitauit
724 2606 855 2688 referre,
878 2629 950 2672 cum
975 2608 1147 2693 scriberet:
1171 2611 1339 2691 ‘homines

191 2729 263 2772 cum
286 2730 320 2774 se
343 2709 522 2791 permisere
544 2710 705 2790 fortunae,
736 2711 834 2776 etiam
863 2719 1015 2776 naturam
1045 2712 1233 2778 dediscere'.
1276 2716 1338 2779 sci·

191 2811 268 2877 licet
298 2812 382 2877 haec
410 2833 540 2896 quoque
575 2812 616 2876 ad
645 2812 744 2877 huius
772 2814 943 2896 scriptoris
973 2815 1007 2878 in
1036 2814 1146 2879 uerbis
1177 2815 1339 2898 dictisque

191 2915 283 2980 uelut
311 2916 528 2980 constantiam
558 2915 734 2998 quandam,
769 2937 854 2998 quae
882 2918 1042 2982 neminem
1072 2918 1260 2999 diligentius
1293 2917 1340 2982 le·

191 3025 320 3100 gentem
342 3017 456 3099 fugiat,
479 3018 653 3100 pertinent.

321 3125 369 3199 11,
397 3126 433 3184 18
458 3121 482 3184 Ρ
504 3120 573 3185 Pal.
600 3126 612 3183 l
638 3120 724 3185 Flor.
747 3122 773 3185 F
795 3123 950 3203 Itiomom
966 3124 1073 3204 specui
1089 3124 1177 3206 iofoo
1199 3125 1339 3204 seipsos

138 3308 143 3316 ι
191 3225 350 3289 euolutam
366 3228 563 3302 coiecerunt,
588 3224 754 3306 geminata
771 3227 877 3308 prima
895 3227 988 3292 uerbi
1005 3225 1109 3291 ‘inira'
1134 3227 1255 3303 littera,
1280 3248 1339 3309 pro

191 3327 319 3410 ‘specu'.
371 3347 469 3408 quam
503 3332 639 3408 propter
668 3328 818 3393 mendam
847 3330 880 3392 in
914 3330 1049 3412 reliquis
1079 3330 1172 3395 libris
1201 3330 1339 3413 ‘specus’

190 3429 312 3495 factum
335 3436 395 3508 est,
418 3430 474 3512 qui
496 3430 668 3510 genetiuus
692 3431 787 3496 nimis
811 3431 943 3497 definite
967 3434 1094 3512 dicitur,
1119 3439 1288 3516 tamquam
1311 3432 1337 3497 si

190 3534 245 3598 ille
267 3535 375 3598 fumus
397 3533 463 3596 iam
485 3538 584 3596 antea
606 3542 880 3600 commemoratus
910 3538 963 3614 sit,
992 3542 1050 3600 aut
1078 3536 1177 3600 talem
1208 3555 1340 3617 specum

189 3639 313 3702 fumum
335 3636 432 3700 edere
450 3635 492 3699 sit
511 3654 652 3699 necesse.
688 3638 911 3719 recipiendum
932 3641 1033 3720 igitur
1057 3639 1184 3720 ‘specu',
1209 3659 1283 3702 cum
1300 3659 1338 3702 eo

189 3749 309 3818 tamen,
323 3747 369 3804 ut
392 3737 594 3822 praepositio
617 3757 633 3800 e
657 3739 723 3822 (ooo)
743 3740 921 3804 seeundum
940 3740 1044 3806 Curtii
1068 3761 1161 3804 nsum
1182 3740 1338 3819 addetum

189 3844 256 3909 uid.
284 3842 362 3906 VIII
390 3849 417 3921 4,
453 3846 471 3902 9
502 3840 682 3907 ‘euolutum
712 3863 751 3913 en
778 3844 919 3926 tuguriis
947 3843 1081 3908 fumum'
1110 3850 1143 3907 et
1168 3842 1232 3906 IIII
1261 3847 1289 3922 2,
1319 3846 1338 3906 7

189 3949 288 4012 ‘mare
311 3949 443 4013 crebros
467 3970 504 4012 ex
529 3948 595 4011 alto
618 3946 736 4011 fluetus
757 3948 791 4010 in
814 3947 890 4010 litus
913 3943 1057 4010 euoluit'.

320 4055 367 4130 11,
392 4055 429 4114 21
455 4051 548 4115 codd.
593 4052 652 4114 sed
673 4066 711 4112 oe
732 4048 898 4131 falleretur
921 4048 1014 4125 ocios,
1039 4046 1184 4113 dubitare
1214 4047 1339 4127 copobot

189 4155 328 4220 ooriotos
350 4154 436 4219 coeii.
470 4175 543 4218 cum
567 4161 600 4218 et
620 4152 679 4217 ‘ne'
702 4153 930 4232 interrogandi
949 4152 1112 4235 particula
1133 4171 1260 4232 semper
1283 4171 1337 4213 en-

188 4258 300 4324 clitica
323 4258 365 4321 sit
387 4264 429 4337 et,
453 4278 536 4339 quae
561 4277 580 4320 a
603 4254 775 4319 dubitandi
796 4254 907 4319 uerbis
930 4255 1189 4336 interrogatiuae
1209 4258 1337 4316 senten-

189 4362 255 4425 tiae
279 4360 431 4442 pendent,
459 4381 524 4423 non
548 4357 589 4421 ab
612 4357 678 4435 illa,
710 4357 765 4420 sed
793 4357 855 4420 ‘an’
877 4358 1045 4440 incipiant,
1068 4354 1272 4420 scribendum
1296 4374 1338 4418 oo

188 4462 352 4546 falleretur
374 4463 472 4541 ooies;
497 4460 537 4525 de
561 4461 653 4524 euius
672 4459 864 4541 particulae,
888 4460 949 4524 ‘an’
971 4460 1104 4539 seilicet,
1127 4457 1214 4541 apud
1236 4456 1338 4524 uerba
