3068 5152
712 381 752 460 ea

156 565 249 628 ‘oum'
272 563 426 629 confundi
454 586 519 629 non
542 564 682 644 uidetur,
713 565 920 629 scribendum
941 565 1081 631 fortasse
1104 571 1305 647 proteqeutes

157 687 233 732 eam.
258 689 273 730 e
296 665 417 748 quibas.

285 775 313 846 6,
341 775 380 834 10
402 769 427 833 Ρ
452 789 500 848 roe,
531 790 596 833 non
619 769 708 834 ‘neo’.
731 805 775 814 -
797 768 874 835 ibid.
899 769 918 853 ξ
946 774 985 834 26
1009 770 1034 834 Ρ
1057 769 1144 835 Flor.
1170 770 1199 834 G
1221 770 1304 835 Bud.

156 871 242 936 Mod.
266 873 331 950 boe,
360 873 390 936 si
418 871 551 948 liquerit,
580 871 650 950 ipse
670 872 860 952 praestolam
889 873 952 952 boe,
980 874 1010 936 si
1036 892 1085 937 me
1105 874 1307 953 praeceperit

156 976 265 1055 tutam,
288 994 347 1039 aas
368 977 536 1040 mundasse
552 979 742 1038 mementote.
778 976 879 1039 ceteri
902 975 978 1039 libri
995 977 1086 1058 prins
1110 975 1191 1039 ‘hoe’
1209 976 1305 1040 omit-

156 1084 238 1157 tunt,
261 1077 391 1142 Medius
414 1077 562 1141 alterum.
610 1076 667 1141 sed
691 1077 860 1160 anaphora
882 1084 1023 1141 uenuste
1046 1088 1105 1142 est.

285 1184 313 1259 l,
337 1184 356 1243 2
379 1179 472 1244 codd.
518 1179 632 1262 quippe
654 1179 766 1244 oeoisis
795 1177 982 1261 quibasdam
1003 1179 1220 1260 popularium,
1253 1182 1309 1261 qni

156 1283 330 1348 ualidiores
357 1288 455 1361 eruat,
489 1303 577 1348 orma
611 1287 750 1362 spretore
778 1288 951 1362 temerant.
1002 1284 1156 1368 qnoniam
1189 1284 1223 1346 in
1256 1283 1307 1362 his

157 1386 267 1450 uerbis
308 1385 500 1450 enarrandis
545 1387 648 1449 errari
687 1385 784 1448 uideo
825 1391 858 1449 et
896 1386 980 1450 hano
1018 1386 1137 1450 falsam
1176 1407 1308 1449 enarra-

157 1489 279 1552 tionem
312 1490 412 1552 etiam
445 1488 608 1552 inutilium
642 1490 901 1553 coniecturarum
935 1509 1021 1552 nuno
1055 1509 1187 1553 oausam
1219 1488 1307 1567 fieri,

158 1592 257 1657 aliam
290 1591 465 1656 enarrandi
492 1591 663 1670 rationem,
699 1612 765 1674 qua
794 1591 926 1671 defungi
954 1590 1061 1669 liceat,
1095 1613 1166 1656 esse
1195 1592 1308 1673 paucis

160 1694 400 1758 demonstrabo.
452 1693 550 1757 eardo
585 1694 655 1757 eius
687 1695 788 1776 igitur
816 1695 870 1757 hio
898 1700 972 1772 est,
991 1695 1080 1777 quod
1111 1696 1308 1759 sententiam

159 1796 333 1860 relatiuam
367 1797 434 1878 ‘qui
468 1796 646 1861 ualidiores
681 1798 785 1860 erant’
814 1817 878 1860 non
913 1798 954 1860 ad
979 1798 1215 1880 ‘popularium'‚
1251 1798 1308 1863 sed

88 1966 91 1973 ,
160 1900 203 1963 ad
237 1920 376 1982 sequens
411 1900 614 1963 enuntiatum
647 1899 695 1962 ita
727 1897 843 1976 refero,
877 1908 914 1962 ut
948 1901 1017 1964 eius
1052 1903 1146 1984 quasi
1181 1901 1309 1965 subiec-

160 2010 230 2065 tum
260 2003 311 2066 sit.
358 2001 555 2065 ‘ualidiores’
579 2007 686 2065 autem
723 2001 766 2064 de
790 2000 885 2065 firma
914 2022 1088 2084 corporum
1116 2004 1150 2067 ui
1178 2004 1308 2068 dieitur.

162 2105 283 2188 quippe
326 2104 512 2169 Alexander
556 2105 644 2167 eirca
687 2103 809 2169 Baetra
852 2105 979 2188 aliquot
1024 2106 1168 2171 uolonias
1214 2107 1310 2171 condi

160 2208 311 2285 iusserat,
356 2209 389 2271 in
434 2206 552 2291 quibus
598 2208 746 2271 ueterani
786 2208 926 2272 maxime
966 2209 1085 2272 milites
1126 2209 1196 2272 eius
1235 2209 1310 2272 hor·

160 2316 234 2375 tatu
264 2320 296 2374 et
322 2310 413 2375 iussu
449 2309 675 2395 consederant.
728 2331 839 2374 eorum
867 2310 948 2374 nulli
977 2312 1042 2375 iam
1077 2312 1173 2394 plane
1207 2313 1310 2376 ualidi

163 2413 308 2491 fuerunt3
332 2413 389 2477 sed
412 2415 468 2497 qui
491 2413 668 2477 ualidiores
692 2420 795 2492 erant,
819 2414 881 2478 hoo
903 2419 955 2477 est
978 2415 1175 2497 quicumque
1199 2436 1311 2480 eorum

162 2517 242 2580 satis
264 2515 358 2580 firmo
382 2536 517 2598 corpore
540 2515 728 2593 utebantur,
752 2517 868 2580 oooisis
892 2517 924 2579 in
949 2517 1108 2580 seditione
1132 2516 1164 2599 (ἓ
1191 2517 1222 2598 1)
1241 2520 1311 2602 qui-

161 2618 300 2683 busdam
324 2619 539 2702 popularium,
563 2619 625 2684 hoo
642 2625 692 2683 est
710 2619 899 2683 colonorum
918 2618 1127 2698 Graecorum,
1151 2642 1251 2698 arma,
1276 2628 1312 2687 nt

164 2721 360 2804 supplicium
393 2718 589 2800 deuitarent,
623 2729 774 2803 spectare
809 2728 997 2803 coeperunt.
1032 2756 1073 2766 -
1107 2723 1192 2788 infra
1220 2722 1237 2806 ξ
1273 2729 1311 2788 19

162 2823 308 2889 breuiter
330 2824 590 2888 commendatam
612 2824 710 2889 uelim
733 2824 876 2908 Zumptii
899 2809 1129 2902 coniecturam,
1159 2828 1214 2906 qui
1237 2833 1312 2908 post

164 2947 243 3009 quos
264 2928 455 3006 inserentis3
486 2946 551 3010 qua
573 2932 707 3009 recepta
735 2935 812 3009 post
833 2925 1003 2990 studebant
1029 2927 1214 2990 addendum
1238 2949 1311 2991 uer-

164 3030 250 3109 bum,
285 3031 332 3094 ita
361 3036 398 3093 ut
426 3028 506 3092 haee
534 3029 697 3093 sententia
726 3027 902 3092 efficiatur:
937 3028 1051 3110 iayeas
1083 3031 1134 3092 ais
1166 3029 1332 3112 militurn„

124 3158 128 3163 ·
162 3133 246 3197 inter
276 3152 353 3214 quos
382 3131 438 3214 qni
465 3137 556 3195 eruat
587 3129 703 3196 Grueoi
731 3131 896 3213 Dioxippo
923 3132 1099 3209 studebant,
1129 3134 1246 3196 oderat.
1271 3169 1314 3177 -

163 3237 195 3298 in
218 3237 367 3318 proxima
395 3234 512 3299 deinde
540 3234 749 3319 paragrapho
778 3234 924 3300 euitand1
948 3236 1098 3318 asyndeti
1124 3255 1226 3299 eausa
1255 3256 1314 3318 qne

163 3345 237 3419 post
259 3338 390 3416 boatum,
411 3338 445 3401 id
463 3338 552 3421 quod
572 3339 670 3402 etiam
690 3337 840 3402 Gertzius
858 3337 928 3401 fieri
946 3339 1082 3412 sensuit,
1106 3339 1313 3405 inserendum

164 3475 204 3484 —
234 3461 310 3504 nam
339 3446 372 3504 et
402 3440 544 3523 elipeum
573 3448 606 3504 et
637 3442 773 3504 sarisam
801 3441 938 3505 Macedo
967 3441 1060 3505 miles
1090 3440 1186 3505 laeua
1214 3462 1313 3505 manu

163 3543 298 3607 tenebat
315 3579 357 3586 —
375 3550 407 3606 et
419 3543 549 3607 Radere
570 3544 822 3623 eoncedendum,
847 3545 1096 3608 conuenientius
1114 3543 1183 3608 fore
1205 3543 1313 3625 alodio

164 3665 284 3728 qnoque
306 3666 403 3729 quam
428 3645 629 3728 ‘gladioque’.

293 3752 321 3822 8,
346 3753 395 3812 tl.
442 3750 635 3830 coniungam
663 3747 717 3811 hie
747 3748 829 3812 duos
852 3749 952 3821 locos,
982 3749 1096 3811 eodem
1125 3748 1313 3813 laborantes

164 3852 256 3929 uitio,
281 3853 342 3927 oui,
363 3860 400 3914 ut
422 3872 481 3934 par
505 3859 565 3932 est,
589 3851 704 3915 eadem
725 3853 856 3916 ratione
874 3851 1085 3914 medebimur.
1120 3872 1261 3934 namque
1283 3859 1316 3916 et

164 3954 226 4032 hio,
250 3955 306 4018 ubi
328 3955 361 4017 in
385 3953 552 4018 eodioibus
574 3954 623 4018 ita
646 3959 711 4017 est:
743 3952 869 4018 barbari
897 3959 1001 4018 anteon
1022 3958 1236 4033 sperauerant,
1264 3955 1314 4018 ia·

164 4062 289 4120 euntem
322 4063 353 4120 et
386 4059 586 4120 temerariam
619 4074 723 4136 reuera
756 4057 858 4136 eaeipi
888 4076 998 4136 posse.
1049 4063 1081 4120 et
1117 4057 1200 4136 torte
1232 4057 1316 4120 iater

157 4160 417 4240 promptissimos
440 4159 596 4224 dimicans
618 4161 756 4223 intactus
779 4165 930 4230 euaserat,
955 4160 1110 4243 quoniam
1132 4159 1198 4238 illa,
1231 4181 1314 4242 quae

163 4262 269 4326 hostis
293 4270 493 4344 sperauerat,
516 4263 556 4326 iis
580 4284 664 4346 quae
687 4269 847 4345 perpetua
870 4264 955 4343 regis
978 4262 1112 4327 fortuna
1133 4268 1314 4345 peregerat,

165 4373 385 4448 opponuntur,
416 4365 623 4430 desideratur
654 4387 711 4447 pro
735 4371 766 4429 et
794 4365 1007 4430 aduersatiua
1036 4366 1221 4430 coniunctio
1244 4367 1338 4444 seot3·

165 4477 198 4531 et
220 4469 299 4531 item
316 4468 346 4533 X
368 4472 396 4545 l,
424 4472 461 4531 13
486 4466 695 4531 scribendum
718 4469 832 4533 eadem
852 4468 892 4532 de
910 4487 1012 4532 eausa
1030 4468 1087 4531 sed
1103 4465 1232 4532 obeunte
1247 4466 1314 4531 illo.

164 4569 303 4635 —infra
326 4569 343 4652 ἓ
366 4575 405 4634 25
429 4591 493 4634 aon
515 4570 617 4635 leuior
639 4570 710 4635 illis
727 4568 900 4635 Ptolemaei
921 4569 988 4648 fnit
1009 4588 1085 4633 euro
1105 4591 1197 4654 qnam
1219 4572 1314 4653 reqis
