3068 5152
715 414 775 474 105

272 595 382 650 codices
401 576 491 650 adhue
510 595 613 664 cognit.
907 596 998 651 Uatic.
1015 596 1084 663 Reg·
1102 599 1151 650 971

249 707 399 782 plerique:
420 706 552 764 harbate.
580 705 725 765 Uindob.:
975 706 1097 763 harbate

208 792 327 850 arabate
1153 788 1157 793 ⁴

165 879 184 935 4
221 882 224 887 ’
382 877 506 952 quisque
979 877 1089 952 quique

251 963 316 1020 alii:
358 963 524 1038 imperium.
571 961 636 1020 alii:
672 964 725 1019 im·
927 963 1084 1039 imperium
1107 966 1141 1019 ut

208 1049 294 1126 perii.
339 1048 404 1106 alii:
429 1048 547 1124 imperii
569 1048 616 1104 ius

167 1137 182 1192 5
351 1153 530 1209 quamquam
719 1181 721 1185 ,
979 1152 1090 1210 quamq

167 1223 183 1279 6
250 1223 280 1276 et
323 1218 441 1294 quidem
488 1237 555 1276 suas
600 1217 726 1294 quisque
754 1223 784 1277 et
818 1218 938 1294 quidem
971 1238 1039 1277 suas
1076 1238 1149 1295 quas
1188 1219 1313 1295 quisque

208 1324 278 1381 opes
313 1303 417 1362 diuisis
445 1305 562 1380 imperii
589 1304 726 1380 partibus
754 1324 825 1380 opes
849 1304 877 1364 d.
897 1306 916 1362 i.
934 1324 963 1381 p.
987 1309 1009 1363 t.
1033 1307 1054 1363 i.
1077 1303 1313 1362 fundaueranto

207 1390 368 1448 tuebantur
397 1391 456 1465 ipsi
478 1390 679 1447 fundauerant
701 1391 725 1446 si
753 1392 778 1448 si
802 1395 871 1448 cett.

207 1481 275 1534 cett.
321 1475 401 1532 Flor.
426 1475 451 1532 G
473 1474 547 1532 Bud.
571 1494 587 1532 ο
611 1476 636 1534 si
862 1482 864 1489 '

166 1564 183 1618 7
248 1561 398 1639 plerique:
438 1562 547 1636 singuli
580 1561 724 1634 ingentia.
906 1565 1000 1621 omitt.
1023 1562 1157 1636 ingentia

207 1647 259 1704 sed
273 1648 409 1720 ingentia
422 1648 517 1705 omitt.
530 1645 611 1704 Flor.
625 1644 650 1703 Ε
662 1645 686 1702 F
697 1646 725 1703 H

206 1731 268 1791 Pal.
296 1733 310 1790 1
336 1732 421 1790 Bern.
446 1731 469 1788 B
492 1731 577 1791 Uoss.
602 1733 619 1790 2

167 1819 184 1875 8
367 1822 521 1875 contentos
934 1820 1134 1877 contentiosos

167 1904 204 1961 10
248 1903 373 1979 regioni.
418 1902 469 1960 sed
492 1901 620 1962 Uindob.
644 1901 723 1961 Flor.
974 1905 1093 1979 regione

208 1989 231 2046 B
255 1987 281 2046 D
305 1987 331 2046 G
351 1987 427 2046 Bud.
451 1990 572 2062 regione

250 2073 453 2150 deprehendit.
484 2073 725 2133 Uindobonensis
957 2074 1114 2152 deprendit

207 2189 249 2198 -
270 2161 391 2237 prendit

167 2247 203 2304 11
248 2245 392 2302 traditum
410 2245 502 2319 magis
521 2264 608 2319 quarn
628 2244 723 2301 credi·
794 2246 866 2303 haec
887 2244 979 2304 uerba
1001 2246 1032 2303 in
1049 2246 1149 2303 codiee
1168 2247 1314 2304 recentior

205 2336 269 2388 tum
302 2331 404 2388 refert.
438 2331 480 2388 sic
513 2330 600 2388 multi
628 2329 724 2402 codd,
754 2351 856 2391 manus
879 2333 961 2391 uncis
983 2332 1105 2389 inclusit

206 2418 288 2474 uelut
311 2414 390 2473 Flor.
410 2415 434 2473 G
451 2415 528 2473 Bud.
546 2415 724 2491 Zumptiani.
1068 2412 1072 2427 ¹

207 2503 259 2559 alii
281 2503 425 2560 omittunt
448 2574 451 2580 .

168 2588 205 2645 13
411 2588 484 2645 iussi
1007 2589 1065 2666 ipsi

247 2692 362 2730 curare.
408 2671 483 2730 Bud.
508 2692 650 2731 eurauere
965 2693 1109 2732 curauere

278 2758 371 2818 uelut.
415 2757 492 2817 Bud.
515 2758 610 2816 ueluti
987 2759 1082 2817 ueluti

363 2863 529 2920 purgauere
784 2863 913 2924 purgare
938 2838 989 2918 (ue
1013 2844 1079 2902 add.
1104 2863 1142 2901 m.
1168 2845 1185 2900 2
1210 2837 1284 2917 ant.)

308 2929 512 3005 repletumque
535 2934 580 2986 est
956 2932 1050 2988 omitt.
1070 2933 1115 2986 est

248 3018 279 3070 et
312 3016 404 3091 capiti
440 3015 555 3072 adiecta
587 3016 725 3072 fortunae
795 3036 833 3073 m.
861 3019 903 3075 1.:
940 3022 970 3074 et
999 3016 1090 3091 capiti
1118 3015 1180 3072 eius
1203 3012 1318 3071 adiecta
1408 3056 1413 3064 .

206 3102 268 3156 eius
291 3101 420 3174 insignia
752 3102 903 3174 fortunae,
937 3103 1021 3158 omis.
1047 3089 1202 3176 ‘insignia’‚
1237 3099 1316 3174 quod

753 3208 790 3244 m.
816 3190 844 3245 2.
870 3191 930 3245 ant.
955 3187 1025 3245 add.
1050 3189 1119 3243 ante
1143 3175 1279 3243 ‘adiecta'

151 3271 203 3329 '14
249 3290 363 3328 ueneno
386 3275 524 3329 necatum
548 3291 610 3330 esse
633 3271 726 3330 credi·
870 3292 986 3331 ueneno
1011 3271 1204 3330 crediderunt

208 3357 278 3414 dere
1070 3414 1072 3418 .

320 3442 401 3498 inter
423 3442 573 3500 ministros
796 3446 874 3502 inter
895 3445 1047 3503 ministros
1069 3444 1197 3520 primum

250 3528 401 3604 plerique:
436 3531 636 3604 maioremque
665 3547 727 3586 esse
798 3533 999 3606 maioremque
1033 3529 1178 3606 praefecti
1209 3527 1316 3604 opibus

206 3613 349 3689 praefecti
367 3612 474 3689 opibus
494 3633 527 3670 ac
543 3614 634 3671 titulo
646 3633 725 3690 spar·
755 3636 788 3673 ac
821 3615 911 3674 titulo
945 3622 1086 3693 spartana
1116 3615 1242 3672 uictoria
1270 3615 1315 3670 in·

208 3704 294 3755 tanae
326 3700 467 3756 uictoriae
494 3697 629 3757 inflatum
658 3703 726 3756 cett.
754 3700 858 3759 flatum
882 3706 952 3760 cett.

206 3783 337 3844 Uindob.
394 3789 536 3860 spartana
589 3785 727 3843 uictoria.

207 3869 290 3928 ucrb.
334 3861 414 3928 ‘esse'
461 3871 556 3928 omitt.
602 3869 727 3943 codices,

209 3975 284 4032 quos
324 3955 397 4014 alibi
435 3956 507 4032 Reg.
543 3957 603 4014 971
644 3957 728 4032 sequi

207 4041 345 4114 uidimus,
369 4041 450 4099 Flor.
475 4042 600 4117 aliquot,
623 4040 687 4099 Pal.
712 4043 725 4099 l

208 4126 292 4186 Uoss.
318 4128 334 4184 2

169 4209 206 4269 16
251 4213 316 4270 alii:
341 4212 489 4286 ungulam.
526 4213 593 4270 alii:
617 4212 728 4290 ungula
980 4212 1091 4288 ungula

370 4300 532 4376 patientem
798 4301 895 4357 m.1.:
918 4300 1097 4376 pacientiam
1122 4290 1211 4373 (corr.
1235 4316 1272 4354 m.
1299 4298 1315 4354 2

755 4378 831 4460 ant.)

169 4468 206 4526 19
251 4466 369 4526 soboles
391 4467 497 4527 deinde
520 4470 638 4545 excepit
798 4468 916 4529 soboles
939 4468 1047 4527 deinde
1071 4470 1132 4526 eius
1157 4469 1273 4544 excepit

168 4554 207 4611 20
252 4555 354 4632 paucis
376 4559 446 4630 post
469 4557 554 4612 annis
890 4559 959 4632 post
981 4555 1083 4631 paucis
1107 4555 1190 4612 annis

252 4639 428 4697 translatum
452 4647 497 4698 est
946 4641 1041 4699 omitt.
1066 4645 1119 4698 est.
