<?xml version="1.0" encoding="UTF-8"?>
<!DOCTYPE html PUBLIC "-//W3C//DTD XHTML 1.0 Transitional//EN"
    "http://www.w3.org/TR/xhtml1/DTD/xhtml1-transitional.dtd">
<html xmlns="http://www.w3.org/1999/xhtml" xml:lang="en" lang="en">
 <head>
  <title>
</title>
<meta http-equiv="Content-Type" content="text/html;charset=utf-8" />
  <meta name='ocr-system' content='tesseract 3.04.00' />
  <meta name='ocr-capabilities' content='ocr_page ocr_carea ocr_par ocr_line ocrx_word'/>
</head>
<body>
  <div class='ocr_page' id='page_1' title='image "./quaestionescurt00kincgoog_0043.png"; bbox 0 0 3068 5152; ppageno 0'>
   <div class='ocr_carea' id='block_1_1' title="bbox 742 325 781 385">
    <p class='ocr_par' dir='ltr' id='par_1_1' title="bbox 742 325 781 385">
     <span class='ocr_line' id='line_1_1' title="bbox 742 325 781 385; baseline 0 0"><span class='ocrx_word' id='word_1_1' title='bbox 742 325 781 385; x_wconf 81' lang='lat'><strong>36</strong></span> 
     </span>
    </p>
   </div>
   <div class='ocr_carea' id='block_1_2' title="bbox 99 507 1342 1618">
    <p class='ocr_par' dir='ltr' id='par_1_2' title="bbox 178 507 1339 696">
     <span class='ocr_line' id='line_1_2' title="bbox 186 507 1339 591; baseline -0.002 -16"><span class='ocrx_word' id='word_1_2' title='bbox 186 533 250 576; x_wconf 93' lang='lat' dir='ltr'><strong>non</strong></span> <span class='ocrx_word' id='word_1_3' title='bbox 275 532 319 591; x_wconf 85' lang='lat' dir='ltr'><strong>se,</strong></span> <span class='ocrx_word' id='word_1_4' title='bbox 343 511 400 576; x_wconf 90' lang='lat' dir='ltr'><strong>sed</strong></span> <span class='ocrx_word' id='word_1_5' title='bbox 423 532 445 575; x_wconf 90' lang='lat' dir='ltr'><strong>u</strong></span> <span class='ocrx_word' id='word_1_6' title='bbox 469 511 610 576; x_wconf 89' lang='lat' dir='ltr'><strong>deletum</strong></span> <span class='ocrx_word' id='word_1_7' title='bbox 634 517 700 588; x_wconf 74' lang='lat' dir='ltr'><strong>est,</strong></span> <span class='ocrx_word' id='word_1_8' title='bbox 724 510 833 590; x_wconf 84' lang='lat' dir='ltr'><strong>itaque</strong></span> <span class='ocrx_word' id='word_1_9' title='bbox 853 514 929 591; x_wconf 89' lang='lat' dir='ltr'><strong>post</strong></span> <span class='ocrx_word' id='word_1_10' title='bbox 951 507 1047 572; x_wconf 79' lang='lat' dir='ltr'><strong>auttr&#39;a</strong></span> <span class='ocrx_word' id='word_1_11' title='bbox 1071 507 1224 572; x_wconf 86' lang='lat' dir='ltr'><strong>librarius</strong></span> <span class='ocrx_word' id='word_1_12' title='bbox 1246 511 1339 573; x_wconf 87' lang='lat' dir='ltr'><strong>‘uen-</strong></span> 
     </span>
     <span class='ocr_line' id='line_1_3' title="bbox 178 612 808 696; baseline -0.005 -17"><span class='ocrx_word' id='word_1_13' title='bbox 178 615 307 679; x_wconf 83' lang='lat' dir='ltr'><strong>turum&#39;</strong></span> <span class='ocrx_word' id='word_1_14' title='bbox 331 615 474 679; x_wconf 82' lang='lat' dir='ltr'><strong>seribere</strong></span> <span class='ocrx_word' id='word_1_15' title='bbox 497 614 645 696; x_wconf 86' lang='lat' dir='ltr'><strong>coepisse</strong></span> <span class='ocrx_word' id='word_1_16' title='bbox 669 612 808 690; x_wconf 87' lang='lat' dir='ltr'><strong>uidetur.</strong></span> 
     </span>
    </p>

    <p class='ocr_par' dir='ltr' id='par_1_3' title="bbox 99 714 1342 1618">
     <span class='ocr_line' id='line_1_4' title="bbox 318 714 1338 797; baseline -0.003 -16"><span class='ocrx_word' id='word_1_17' title='bbox 318 721 346 797; x_wconf 83' lang='lat'><strong>6,</strong></span> <span class='ocrx_word' id='word_1_18' title='bbox 371 721 411 781; x_wconf 78' lang='lat'><strong>23</strong></span> <span class='ocrx_word' id='word_1_19' title='bbox 443 719 513 781; x_wconf 88' lang='lat' dir='ltr'><strong>ueri</strong></span> <span class='ocrx_word' id='word_1_20' title='bbox 544 716 647 780; x_wconf 86' lang='lat' dir='ltr'><strong>simile</strong></span> <span class='ocrx_word' id='word_1_21' title='bbox 679 722 736 793; x_wconf 88' lang='lat' dir='ltr'><strong>est,</strong></span> <span class='ocrx_word' id='word_1_22' title='bbox 765 714 981 778; x_wconf 87' lang='lat' dir='ltr'><strong>omittendum</strong></span> <span class='ocrx_word' id='word_1_23' title='bbox 1012 714 1105 778; x_wconf 87' lang='lat' dir='ltr'><strong>nobis</strong></span> <span class='ocrx_word' id='word_1_24' title='bbox 1135 735 1207 778; x_wconf 89' lang='lat' dir='ltr'><strong>esse</strong></span> <span class='ocrx_word' id='word_1_25' title='bbox 1235 715 1338 794; x_wconf 78' lang='lat' dir='ltr'><strong>urbis,</strong></span> 
     </span>
     <span class='ocr_line' id='line_1_5' title="bbox 99 817 1339 904; baseline -0.002 -19"><span class='ocrx_word' id='word_1_26' title='bbox 99 818 101 824; x_wconf 72' lang='grc'><em>’</em></span> <span class='ocrx_word' id='word_1_27' title='bbox 189 821 277 902; x_wconf 93' lang='lat' dir='ltr'><strong>quod</strong></span> <span class='ocrx_word' id='word_1_28' title='bbox 310 841 488 904; x_wconf 80' lang='lat' dir='ltr'><strong>paucarum</strong></span> <span class='ocrx_word' id='word_1_29' title='bbox 511 818 687 883; x_wconf 88' lang='lat' dir='ltr'><strong>interuallo</strong></span> <span class='ocrx_word' id='word_1_30' title='bbox 716 817 887 881; x_wconf 91' lang='lat' dir='ltr'><strong>uerborum</strong></span> <span class='ocrx_word' id='word_1_31' title='bbox 919 837 997 880; x_wconf 89' lang='lat' dir='ltr'><strong>sane</strong></span> <span class='ocrx_word' id='word_1_32' title='bbox 1026 817 1161 880; x_wconf 82' lang='lat' dir='ltr'><strong>moleste</strong></span> <span class='ocrx_word' id='word_1_33' title='bbox 1188 818 1339 882; x_wconf 74' lang='lat' dir='ltr'><strong>iteratur.</strong></span> 
     </span>
     <span class='ocr_line' id='line_1_6' title="bbox 188 918 1340 1002; baseline -0.003 -15"><span class='ocrx_word' id='word_1_34' title='bbox 188 958 229 967; x_wconf 84' lang='lat'><em>-</em></span> <span class='ocrx_word' id='word_1_35' title='bbox 264 923 348 988; x_wconf 88' lang='lat' dir='ltr'><strong>infra</strong></span> <span class='ocrx_word' id='word_1_36' title='bbox 384 945 409 988; x_wconf 88' lang='lat' dir='ltr'><strong>e.</strong></span> <span class='ocrx_word' id='word_1_37' title='bbox 441 918 470 1001; x_wconf 68' lang='lat' dir='ltr'><strong>l,</strong></span> <span class='ocrx_word' id='word_1_38' title='bbox 500 927 520 984; x_wconf 85' lang='grc'>4</span> <span class='ocrx_word' id='word_1_39' title='bbox 550 921 643 986; x_wconf 85' lang='lat' dir='ltr'><strong>codd.</strong></span> <span class='ocrx_word' id='word_1_40' title='bbox 697 919 895 1000; x_wconf 82' lang='lat' dir='ltr'><strong>(Alexander</strong></span> <span class='ocrx_word' id='word_1_41' title='bbox 929 919 1069 983; x_wconf 86' lang='lat' dir='ltr'><strong>aduerso</strong></span> <span class='ocrx_word' id='word_1_42' title='bbox 1098 919 1172 983; x_wconf 92' lang='lat' dir='ltr'><strong>Nilo</strong></span> <span class='ocrx_word' id='word_1_43' title='bbox 1206 919 1340 1002; x_wconf 85' lang='lat' dir='ltr'><strong>neotus)</strong></span> 
     </span>
     <span class='ocr_line' id='line_1_7' title="bbox 188 1021 1339 1104; baseline -0.003 -15"><span class='ocrx_word' id='word_1_44' title='bbox 188 1025 274 1089; x_wconf 77' lang='lat' dir='ltr'><strong>haud</strong></span> <span class='ocrx_word' id='word_1_45' title='bbox 288 1025 404 1104; x_wconf 76' lang='lat' dir='ltr'><strong>procul</strong></span> <span class='ocrx_word' id='word_1_46' title='bbox 422 1024 564 1103; x_wconf 74' lang='lat' dir='ltr'><strong>Memphi</strong></span> <span class='ocrx_word' id='word_1_47' title='bbox 587 1028 659 1102; x_wconf 86' lang='lat' dir='ltr'><strong>erat,</strong></span> <span class='ocrx_word' id='word_1_48' title='bbox 683 1023 719 1086; x_wconf 78' lang='lat' dir='ltr'><strong>tu</strong></span> <span class='ocrx_word' id='word_1_49' title='bbox 742 1021 831 1086; x_wconf 76' lang='lat' dir='ltr'><strong>aeteus</strong></span> <span class='ocrx_word' id='word_1_50' title='bbox 849 1022 1011 1101; x_wconf 77' lang='lat' dir='ltr'><strong>praesidio</strong></span> <span class='ocrx_word' id='word_1_51' title='bbox 1032 1023 1185 1101; x_wconf 73' lang='lat' dir='ltr'><strong>Maronea,</strong></span> <span class='ocrx_word' id='word_1_52' title='bbox 1203 1028 1339 1103; x_wconf 83' lang='lat' dir='ltr'><strong>praetor</strong></span> 
     </span>
     <span class='ocr_line' id='line_1_8' title="bbox 191 1125 1342 1208; baseline -0.003 -16"><span class='ocrx_word' id='word_1_53' title='bbox 191 1126 301 1208; x_wconf 77' lang='lat' dir='ltr'><strong>Daret,</strong></span> <span class='ocrx_word' id='word_1_54' title='bbox 338 1127 468 1192; x_wconf 79' lang='lat' dir='ltr'><strong>relictus</strong></span> <span class='ocrx_word' id='word_1_55' title='bbox 499 1147 575 1192; x_wconf 85' lang='lat' dir='ltr'><strong>arou</strong></span> <span class='ocrx_word' id='word_1_56' title='bbox 604 1146 694 1191; x_wconf 85' lang='lat' dir='ltr'><strong>aruue</strong></span> <span class='ocrx_word' id='word_1_57' title='bbox 721 1129 866 1205; x_wconf 58' lang='lat' dir='ltr'><strong>sapuero</strong></span> <span class='ocrx_word' id='word_1_58' title='bbox 895 1125 1072 1206; x_wconf 77' lang='lat' dir='ltr'><strong>artiupeuta</strong></span> <span class='ocrx_word' id='word_1_59' title='bbox 1102 1125 1219 1189; x_wconf 85' lang='lat' dir='ltr'><strong>taleuta</strong></span> <span class='ocrx_word' id='word_1_60' title='bbox 1240 1126 1342 1189; x_wconf 81' lang='lat' dir='ltr'><strong>Ateu-</strong></span> 
     </span>
     <span class='ocr_line' id='line_1_9' title="bbox 191 1218 1340 1312; baseline -0.002 -18"><span class='ocrx_word' id='word_1_61' title='bbox 191 1218 291 1295; x_wconf 80' lang='lat' dir='ltr'><strong>audra</strong></span> <span class='ocrx_word' id='word_1_62' title='bbox 321 1251 503 1312; x_wconf 80' lang='lat' dir='ltr'><strong>omnemque</strong></span> <span class='ocrx_word' id='word_1_63' title='bbox 530 1231 651 1312; x_wconf 73' lang='lat' dir='ltr'><strong>reptare</strong></span> <span class='ocrx_word' id='word_1_64' title='bbox 680 1228 901 1308; x_wconf 75' lang='lat' dir='ltr'><strong>supellectilem</strong></span> <span class='ocrx_word' id='word_1_65' title='bbox 929 1227 1072 1292; x_wconf 77' lang='lat' dir='ltr'><strong>tradidit.</strong></span> <span class='ocrx_word' id='word_1_66' title='bbox 1124 1229 1228 1291; x_wconf 87' lang='lat' dir='ltr'><strong>multa</strong></span> <span class='ocrx_word' id='word_1_67' title='bbox 1256 1230 1340 1292; x_wconf 88' lang='lat' dir='ltr'><strong>iam-</strong></span> 
     </span>
     <span class='ocr_line' id='line_1_10' title="bbox 190 1331 1341 1413; baseline -0.001 -17"><span class='ocrx_word' id='word_1_68' title='bbox 190 1332 312 1397; x_wconf 87' lang='lat' dir='ltr'><strong>dudum</strong></span> <span class='ocrx_word' id='word_1_69' title='bbox 336 1333 369 1397; x_wconf 91' lang='lat' dir='ltr'><strong>in</strong></span> <span class='ocrx_word' id='word_1_70' title='bbox 393 1335 633 1398; x_wconf 82' lang='lat' dir='ltr'><strong>commentariis</strong></span> <span class='ocrx_word' id='word_1_71' title='bbox 658 1333 697 1397; x_wconf 86' lang='lat' dir='ltr'><strong>de</strong></span> <span class='ocrx_word' id='word_1_72' title='bbox 720 1332 862 1413; x_wconf 83' lang='lat' dir='ltr'><strong>genuina</strong></span> <span class='ocrx_word' id='word_1_73' title='bbox 886 1331 949 1395; x_wconf 85' lang='lat' dir='ltr'><strong>loci</strong></span> <span class='ocrx_word' id='word_1_74' title='bbox 972 1333 1134 1413; x_wconf 82' lang='lat' dir='ltr'><strong>scriptura</strong></span> <span class='ocrx_word' id='word_1_75' title='bbox 1157 1332 1248 1395; x_wconf 88' lang='lat' dir='ltr'><strong>uarie</strong></span> <span class='ocrx_word' id='word_1_76' title='bbox 1273 1331 1341 1396; x_wconf 89' lang='lat' dir='ltr'><strong>dis-</strong></span> 
     </span>
     <span class='ocr_line' id='line_1_11' title="bbox 189 1436 1340 1519; baseline 0 -22"><span class='ocrx_word' id='word_1_77' title='bbox 189 1439 348 1516; x_wconf 88' lang='lat' dir='ltr'><strong>putantur</strong></span> <span class='ocrx_word' id='word_1_78' title='bbox 374 1470 418 1479; x_wconf 88' lang='lat'><strong>-·</strong></span> <span class='ocrx_word' id='word_1_79' title='bbox 446 1437 566 1519; x_wconf 87' lang='lat' dir='ltr'><strong>quippe</strong></span> <span class='ocrx_word' id='word_1_80' title='bbox 596 1436 691 1518; x_wconf 87' lang='lat' dir='ltr'><strong>plura</strong></span> <span class='ocrx_word' id='word_1_81' title='bbox 714 1436 899 1500; x_wconf 84' lang='lat' dir='ltr'><strong>coniectent</strong></span> <span class='ocrx_word' id='word_1_82' title='bbox 920 1470 971 1513; x_wconf 90' lang='lat'><strong>—‚</strong></span> <span class='ocrx_word' id='word_1_83' title='bbox 1002 1456 1101 1498; x_wconf 92' lang='lat' dir='ltr'><strong>unum</strong></span> <span class='ocrx_word' id='word_1_84' title='bbox 1129 1441 1238 1497; x_wconf 85' lang='lat' dir='ltr'><strong>temen</strong></span> <span class='ocrx_word' id='word_1_85' title='bbox 1263 1455 1340 1498; x_wconf 87' lang='lat' dir='ltr'><strong>eon-</strong></span> 
     </span>
     <span class='ocr_line' id='line_1_12' title="bbox 191 1537 1341 1618; baseline 0 -18"><span class='ocrx_word' id='word_1_86' title='bbox 191 1544 267 1614; x_wconf 87' lang='lat' dir='ltr'><strong>stat,</strong></span> <span class='ocrx_word' id='word_1_87' title='bbox 292 1539 442 1609; x_wconf 82' lang='lat' dir='ltr'><strong>mendum</strong></span> <span class='ocrx_word' id='word_1_88' title='bbox 466 1540 498 1601; x_wconf 91' lang='lat' dir='ltr'><strong>in</strong></span> <span class='ocrx_word' id='word_1_89' title='bbox 524 1539 632 1603; x_wconf 88' lang='lat' dir='ltr'><strong>uerbis</strong></span> <span class='ocrx_word' id='word_1_90' title='bbox 658 1558 734 1601; x_wconf 88' lang='lat' dir='ltr'><strong>arou</strong></span> <span class='ocrx_word' id='word_1_91' title='bbox 758 1558 848 1602; x_wconf 80' lang='lat' dir='ltr'><strong>aurae</strong></span> <span class='ocrx_word' id='word_1_92' title='bbox 869 1542 1015 1618; x_wconf 67' lang='lat' dir='ltr'><strong>remorata</strong></span> <span class='ocrx_word' id='word_1_93' title='bbox 1037 1537 1154 1600; x_wconf 86' lang='lat' dir='ltr'><strong>inesse.</strong></span> <span class='ocrx_word' id='word_1_94' title='bbox 1194 1545 1341 1600; x_wconf 88' lang='lat' dir='ltr'><strong>aeterum</strong></span> 
     </span>
    </p>
   </div>
   <div class='ocr_carea' id='block_1_3' title="bbox 191 1640 1443 1730">
    <p class='ocr_par' dir='ltr' id='par_1_4' title="bbox 191 1640 1443 1730">
     <span class='ocr_line' id='line_1_13' title="bbox 191 1640 1443 1730; baseline -0.001 -27"><span class='ocrx_word' id='word_1_95' title='bbox 191 1640 260 1703; x_wconf 91' lang='lat' dir='ltr'><strong>eius</strong></span> <span class='ocrx_word' id='word_1_96' title='bbox 288 1641 583 1723; x_wconf 83' lang='lat' dir='ltr'><strong>argumentationis</strong></span> <span class='ocrx_word' id='word_1_97' title='bbox 619 1640 700 1705; x_wconf 87' lang='lat' dir='ltr'><strong>haee</strong></span> <span class='ocrx_word' id='word_1_98' title='bbox 730 1661 856 1704; x_wconf 87' lang='lat' dir='ltr'><strong>summa</strong></span> <span class='ocrx_word' id='word_1_99' title='bbox 884 1648 950 1704; x_wconf 86' lang='lat' dir='ltr'><strong>est:</strong></span> <span class='ocrx_word' id='word_1_100' title='bbox 983 1645 1216 1722; x_wconf 86' lang='lat' dir='ltr'><strong>praeterquam</strong></span> <span class='ocrx_word' id='word_1_101' title='bbox 1251 1640 1340 1722; x_wconf 91' lang='lat' dir='ltr'><strong>quod</strong></span> <span class='ocrx_word' id='word_1_102' title='bbox 1440 1725 1443 1730; x_wconf 15' lang='grc' dir='ltr'><strong>Δ</strong></span> 
     </span>
    </p>
   </div>
   <div class='ocr_carea' id='block_1_4' title="bbox 190 1741 1344 4606">
    <p class='ocr_par' dir='ltr' id='par_1_5' title="bbox 190 1741 1343 3574">
     <span class='ocr_line' id='line_1_14' title="bbox 191 1741 1341 1826; baseline 0 -22"><span class='ocrx_word' id='word_1_103' title='bbox 191 1744 263 1823; x_wconf 90' lang='lat' dir='ltr'><strong>ipsa</strong></span> <span class='ocrx_word' id='word_1_104' title='bbox 291 1743 387 1806; x_wconf 88' lang='lat' dir='ltr'><strong>uerbi</strong></span> <span class='ocrx_word' id='word_1_105' title='bbox 417 1744 517 1807; x_wconf 89' lang='lat' dir='ltr'><strong>‘oron’</strong></span> <span class='ocrx_word' id='word_1_106' title='bbox 553 1743 660 1808; x_wconf 85' lang='lat' dir='ltr'><strong>forma</strong></span> <span class='ocrx_word' id='word_1_107' title='bbox 689 1743 934 1826; x_wconf 90' lang='lat' dir='ltr'><strong>deprauationis</strong></span> <span class='ocrx_word' id='word_1_108' title='bbox 964 1741 1194 1805; x_wconf 82' lang='lat' dir='ltr'><strong>documentum</strong></span> <span class='ocrx_word' id='word_1_109' title='bbox 1226 1742 1269 1804; x_wconf 88' lang='lat' dir='ltr'><strong>sit</strong></span> <span class='ocrx_word' id='word_1_110' title='bbox 1298 1776 1341 1785; x_wconf 90' lang='lat'>—</span> 
     </span>
     <span class='ocr_line' id='line_1_15' title="bbox 191 1843 1342 1927; baseline -0.001 -20"><span class='ocrx_word' id='word_1_111' title='bbox 191 1865 267 1908; x_wconf 91' lang='lat' dir='ltr'><strong>nam</strong></span> <span class='ocrx_word' id='word_1_112' title='bbox 290 1845 378 1927; x_wconf 91' lang='lat' dir='ltr'><strong>apud</strong></span> <span class='ocrx_word' id='word_1_113' title='bbox 407 1843 556 1910; x_wconf 83' lang='lat' dir='ltr'><strong>Curtium</strong></span> <span class='ocrx_word' id='word_1_114' title='bbox 579 1845 703 1910; x_wconf 90' lang='lat' dir='ltr'><strong>nullum</strong></span> <span class='ocrx_word' id='word_1_115' title='bbox 727 1867 844 1910; x_wconf 90' lang='lat' dir='ltr'><strong>nomen</strong></span> <span class='ocrx_word' id='word_1_116' title='bbox 869 1845 1045 1927; x_wconf 87' lang='lat' dir='ltr'><strong>proprium,</strong></span> <span class='ocrx_word' id='word_1_117' title='bbox 1068 1866 1108 1906; x_wconf 89' lang='lat' dir='ltr'><strong>ne</strong></span> <span class='ocrx_word' id='word_1_118' title='bbox 1131 1843 1342 1907; x_wconf 86' lang='lat' dir='ltr'><strong>barbaricum</strong></span> 
     </span>
     <span class='ocr_line' id='line_1_16' title="bbox 194 1946 1339 2033; baseline -0.001 -22"><span class='ocrx_word' id='word_1_119' title='bbox 194 1948 337 2029; x_wconf 91' lang='lat' dir='ltr'><strong>quidem,</strong></span> <span class='ocrx_word' id='word_1_120' title='bbox 361 1951 394 2012; x_wconf 91' lang='lat' dir='ltr'><strong>in</strong></span> <span class='ocrx_word' id='word_1_121' title='bbox 419 1950 569 2033; x_wconf 86' lang='lat' dir='ltr'><strong>obliquos</strong></span> <span class='ocrx_word' id='word_1_122' title='bbox 593 1971 689 2014; x_wconf 85' lang='lat' dir='ltr'><strong>casus</strong></span> <span class='ocrx_word' id='word_1_123' title='bbox 713 1972 778 2013; x_wconf 94' lang='lat' dir='ltr'><strong>non</strong></span> <span class='ocrx_word' id='word_1_124' title='bbox 802 1949 987 2012; x_wconf 84' lang='lat' dir='ltr'><strong>declinatur</strong></span> <span class='ocrx_word' id='word_1_125' title='bbox 1008 1982 1050 1990; x_wconf 88' lang='lat'>—</span> <span class='ocrx_word' id='word_1_126' title='bbox 1075 1950 1202 2010; x_wconf 90' lang='lat' dir='ltr'><strong>nomine</strong></span> <span class='ocrx_word' id='word_1_127' title='bbox 1233 1946 1339 2010; x_wconf 73' lang='lat' dir='ltr'><strong>*Oron’</strong></span> 
     </span>
     <span class='ocr_line' id='line_1_17' title="bbox 190 2044 1341 2135; baseline 0.001 -22"><span class='ocrx_word' id='word_1_128' title='bbox 190 2048 311 2114; x_wconf 88' lang='lat' dir='ltr'><strong>flumen</strong></span> <span class='ocrx_word' id='word_1_129' title='bbox 334 2053 368 2116; x_wconf 91' lang='lat' dir='ltr'><strong>in</strong></span> <span class='ocrx_word' id='word_1_130' title='bbox 391 2053 564 2117; x_wconf 77' lang='lat' dir='ltr'><strong>diuinitate</strong></span> <span class='ocrx_word' id='word_1_131' title='bbox 587 2044 750 2135; x_wconf 87' lang='lat' dir='ltr'><strong>Memphis</strong></span> <span class='ocrx_word' id='word_1_132' title='bbox 774 2073 838 2116; x_wconf 92' lang='lat' dir='ltr'><strong>non</strong></span> <span class='ocrx_word' id='word_1_133' title='bbox 861 2052 963 2115; x_wconf 89' lang='lat' dir='ltr'><strong>uideri</strong></span> <span class='ocrx_word' id='word_1_134' title='bbox 988 2050 1098 2115; x_wconf 87' lang='lat' dir='ltr'><strong>fuisse.</strong></span> <span class='ocrx_word' id='word_1_135' title='bbox 1140 2051 1217 2130; x_wconf 92' lang='lat' dir='ltr'><strong>quin</strong></span> <span class='ocrx_word' id='word_1_136' title='bbox 1241 2053 1341 2114; x_wconf 90' lang='lat' dir='ltr'><strong>etiam</strong></span> 
     </span>
     <span class='ocr_line' id='line_1_18' title="bbox 192 2153 1343 2237; baseline 0 -22"><span class='ocrx_word' id='word_1_137' title='bbox 192 2153 314 2217; x_wconf 87' lang='lat' dir='ltr'><strong>nullam</strong></span> <span class='ocrx_word' id='word_1_138' title='bbox 344 2156 476 2218; x_wconf 91' lang='lat' dir='ltr'><strong>omnino</strong></span> <span class='ocrx_word' id='word_1_139' title='bbox 513 2156 618 2220; x_wconf 89' lang='lat' dir='ltr'><strong>amnis</strong></span> <span class='ocrx_word' id='word_1_140' title='bbox 648 2158 853 2233; x_wconf 90' lang='lat' dir='ltr'><strong>mentionem,</strong></span> <span class='ocrx_word' id='word_1_141' title='bbox 884 2175 980 2237; x_wconf 91' lang='lat' dir='ltr'><strong>quem</strong></span> <span class='ocrx_word' id='word_1_142' title='bbox 1007 2154 1039 2216; x_wconf 91' lang='lat' dir='ltr'><strong>in</strong></span> <span class='ocrx_word' id='word_1_143' title='bbox 1072 2153 1233 2216; x_wconf 86' lang='lat' dir='ltr'><strong>tradenda</strong></span> <span class='ocrx_word' id='word_1_144' title='bbox 1262 2173 1343 2233; x_wconf 81' lang='lat' dir='ltr'><strong>gaza</strong></span> 
     </span>
     <span class='ocr_line' id='line_1_19' title="bbox 191 2255 1342 2339; baseline 0.001 -21"><span class='ocrx_word' id='word_1_145' title='bbox 191 2255 339 2320; x_wconf 81' lang='lat' dir='ltr'><strong>Mazaces</strong></span> <span class='ocrx_word' id='word_1_146' title='bbox 363 2262 587 2336; x_wconf 84' lang='lat' dir='ltr'><strong>transgressus</strong></span> <span class='ocrx_word' id='word_1_147' title='bbox 612 2258 665 2334; x_wconf 88' lang='lat' dir='ltr'><strong>sit,</strong></span> <span class='ocrx_word' id='word_1_148' title='bbox 689 2279 820 2322; x_wconf 87' lang='lat' dir='ltr'><strong>sensum</strong></span> <span class='ocrx_word' id='word_1_149' title='bbox 843 2259 907 2322; x_wconf 90' lang='lat' dir='ltr'><strong>looi</strong></span> <span class='ocrx_word' id='word_1_150' title='bbox 925 2259 1079 2338; x_wconf 84' lang='lat' dir='ltr'><strong>recipere.</strong></span> <span class='ocrx_word' id='word_1_151' title='bbox 1115 2257 1171 2339; x_wconf 90' lang='lat' dir='ltr'><strong>qui</strong></span> <span class='ocrx_word' id='word_1_152' title='bbox 1190 2259 1295 2319; x_wconf 90' lang='lat' dir='ltr'><strong>amnis</strong></span> <span class='ocrx_word' id='word_1_153' title='bbox 1314 2258 1342 2319; x_wconf 90' lang='lat' dir='ltr'><strong>si</strong></span> 
     </span>
     <span class='ocr_line' id='line_1_20' title="bbox 193 2358 1342 2442; baseline 0.001 -21"><span class='ocrx_word' id='word_1_154' title='bbox 193 2358 265 2440; x_wconf 88' lang='lat' dir='ltr'><strong>quis</strong></span> <span class='ocrx_word' id='word_1_155' title='bbox 281 2358 365 2422; x_wconf 90' lang='lat' dir='ltr'><strong>alius</strong></span> <span class='ocrx_word' id='word_1_156' title='bbox 379 2381 477 2442; x_wconf 87' lang='lat' dir='ltr'><strong>quam</strong></span> <span class='ocrx_word' id='word_1_157' title='bbox 489 2359 583 2424; x_wconf 90' lang='lat' dir='ltr'><strong>Nilus</strong></span> <span class='ocrx_word' id='word_1_158' title='bbox 602 2361 653 2437; x_wconf 87' lang='lat' dir='ltr'><strong>sit,</strong></span> <span class='ocrx_word' id='word_1_159' title='bbox 677 2361 746 2423; x_wconf 90' lang='lat' dir='ltr'><strong>eius</strong></span> <span class='ocrx_word' id='word_1_160' title='bbox 764 2363 925 2423; x_wconf 86' lang='lat' dir='ltr'><strong>mentione</strong></span> <span class='ocrx_word' id='word_1_161' title='bbox 938 2361 1108 2423; x_wconf 85' lang='lat' dir='ltr'><strong>interiecta</strong></span> <span class='ocrx_word' id='word_1_162' title='bbox 1120 2360 1161 2421; x_wconf 87' lang='lat' dir='ltr'><strong>ad</strong></span> <span class='ocrx_word' id='word_1_163' title='bbox 1174 2360 1342 2440; x_wconf 84' lang='lat' dir='ltr'><strong>proximae</strong></span> 
     </span>
     <span class='ocr_line' id='line_1_21' title="bbox 194 2459 1343 2527; baseline 0 -3"><span class='ocrx_word' id='word_1_164' title='bbox 194 2461 376 2525; x_wconf 88' lang='lat' dir='ltr'><strong>sententiae</strong></span> <span class='ocrx_word' id='word_1_165' title='bbox 407 2461 508 2526; x_wconf 87' lang='lat' dir='ltr'><strong>uerba</strong></span> <span class='ocrx_word' id='word_1_166' title='bbox 537 2462 661 2527; x_wconf 87' lang='lat' dir='ltr'><strong>‘eodem</strong></span> <span class='ocrx_word' id='word_1_167' title='bbox 694 2459 825 2524; x_wconf 89' lang='lat' dir='ltr'><strong>flumine</strong></span> <span class='ocrx_word' id='word_1_168' title='bbox 857 2463 980 2525; x_wconf 89' lang='lat' dir='ltr'><strong>neotus&#39;</strong></span> <span class='ocrx_word' id='word_1_169' title='bbox 1011 2461 1140 2525; x_wconf 88' lang='lat' dir='ltr'><strong>difficile</strong></span> <span class='ocrx_word' id='word_1_170' title='bbox 1170 2461 1343 2525; x_wconf 86' lang='lat' dir='ltr'><strong>subaudiri</strong></span> 
     </span>
     <span class='ocr_line' id='line_1_22' title="bbox 194 2563 1342 2647; baseline 0.002 -21"><span class='ocrx_word' id='word_1_171' title='bbox 194 2583 309 2627; x_wconf 84' lang='lat' dir='ltr'><strong>uocem</strong></span> <span class='ocrx_word' id='word_1_172' title='bbox 332 2584 430 2645; x_wconf 90' lang='lat' dir='ltr'><strong>quam</strong></span> <span class='ocrx_word' id='word_1_173' title='bbox 454 2585 537 2647; x_wconf 90' lang='lat' dir='ltr'><strong>opus</strong></span> <span class='ocrx_word' id='word_1_174' title='bbox 562 2566 613 2644; x_wconf 88' lang='lat' dir='ltr'><strong>sit,</strong></span> <span class='ocrx_word' id='word_1_175' title='bbox 636 2564 727 2643; x_wconf 75' lang='lat' dir='ltr'><strong>Nilo,</strong></span> <span class='ocrx_word' id='word_1_176' title='bbox 755 2565 804 2628; x_wconf 86' lang='lat' dir='ltr'><strong>sin</strong></span> <span class='ocrx_word' id='word_1_177' title='bbox 828 2563 879 2628; x_wconf 89' lang='lat' dir='ltr'><strong>hie</strong></span> <span class='ocrx_word' id='word_1_178' title='bbox 902 2567 1003 2629; x_wconf 87' lang='lat' dir='ltr'><strong>amnis</strong></span> <span class='ocrx_word' id='word_1_179' title='bbox 1027 2564 1246 2644; x_wconf 83' lang='lat' dir='ltr'><strong>intellegatur,</strong></span> <span class='ocrx_word' id='word_1_180' title='bbox 1274 2564 1342 2628; x_wconf 87' lang='lat' dir='ltr'><strong>Ma·</strong></span> 
     </span>
     <span class='ocr_line' id='line_1_23' title="bbox 193 2665 1339 2752; baseline 0.001 -23"><span class='ocrx_word' id='word_1_181' title='bbox 193 2667 263 2730; x_wconf 85' lang='lat' dir='ltr'><strong>zaoi</strong></span> <span class='ocrx_word' id='word_1_182' title='bbox 286 2665 473 2731; x_wconf 86' lang='lat' dir='ltr'><strong>Alexandro</strong></span> <span class='ocrx_word' id='word_1_183' title='bbox 497 2668 627 2752; x_wconf 84' lang='lat' dir='ltr'><strong>obuiam</strong></span> <span class='ocrx_word' id='word_1_184' title='bbox 651 2669 740 2732; x_wconf 89' lang='lat' dir='ltr'><strong>eunti</strong></span> <span class='ocrx_word' id='word_1_185' title='bbox 761 2667 796 2731; x_wconf 90' lang='lat' dir='ltr'><strong>id</strong></span> <span class='ocrx_word' id='word_1_186' title='bbox 819 2665 938 2731; x_wconf 86' lang='lat' dir='ltr'><strong>flumen</strong></span> <span class='ocrx_word' id='word_1_187' title='bbox 960 2689 1025 2732; x_wconf 92' lang='lat' dir='ltr'><strong>non</strong></span> <span class='ocrx_word' id='word_1_188' title='bbox 1048 2667 1148 2730; x_wconf 82' lang='lat' dir='ltr'><strong>fuisse</strong></span> <span class='ocrx_word' id='word_1_189' title='bbox 1171 2676 1339 2732; x_wconf 86' lang='lat' dir='ltr'><strong>transeun-</strong></span> 
     </span>
     <span class='ocr_line' id='line_1_24' title="bbox 194 2770 1343 2854; baseline 0.003 -22"><span class='ocrx_word' id='word_1_190' title='bbox 194 2770 281 2848; x_wconf 91' lang='lat' dir='ltr'><strong>dum,</strong></span> <span class='ocrx_word' id='word_1_191' title='bbox 306 2790 379 2833; x_wconf 88' lang='lat' dir='ltr'><strong>oum</strong></span> <span class='ocrx_word' id='word_1_192' title='bbox 403 2770 542 2835; x_wconf 86' lang='lat' dir='ltr'><strong>nauibus</strong></span> <span class='ocrx_word' id='word_1_193' title='bbox 565 2792 623 2835; x_wconf 85' lang='lat' dir='ltr'><strong>rex</strong></span> <span class='ocrx_word' id='word_1_194' title='bbox 645 2772 679 2835; x_wconf 91' lang='lat' dir='ltr'><strong>in</strong></span> <span class='ocrx_word' id='word_1_195' title='bbox 703 2771 890 2835; x_wconf 90' lang='lat' dir='ltr'><strong>interiorem</strong></span> <span class='ocrx_word' id='word_1_196' title='bbox 914 2770 1051 2854; x_wconf 82' lang='lat' dir='ltr'><strong>Aegypti</strong></span> <span class='ocrx_word' id='word_1_197' title='bbox 1075 2776 1202 2852; x_wconf 89' lang='lat' dir='ltr'><strong>partem</strong></span> <span class='ocrx_word' id='word_1_198' title='bbox 1228 2778 1343 2835; x_wconf 86' lang='lat' dir='ltr'><strong>neotus</strong></span> 
     </span>
     <span class='ocr_line' id='line_1_25' title="bbox 194 2872 1342 2957; baseline 0.001 -22"><span class='ocrx_word' id='word_1_199' title='bbox 194 2873 245 2938; x_wconf 90' lang='lat' dir='ltr'><strong>sit.</strong></span> <span class='ocrx_word' id='word_1_200' title='bbox 291 2872 449 2954; x_wconf 89' lang='lat' dir='ltr'><strong>equibus</strong></span> <span class='ocrx_word' id='word_1_201' title='bbox 478 2875 685 2957; x_wconf 83' lang='lat' dir='ltr'><strong>perspicuum</strong></span> <span class='ocrx_word' id='word_1_202' title='bbox 709 2880 769 2953; x_wconf 86' lang='lat' dir='ltr'><strong>est,</strong></span> <span class='ocrx_word' id='word_1_203' title='bbox 798 2895 862 2938; x_wconf 91' lang='lat' dir='ltr'><strong>non</strong></span> <span class='ocrx_word' id='word_1_204' title='bbox 893 2874 997 2957; x_wconf 85' lang='lat' dir='ltr'><strong>solum</strong></span> <span class='ocrx_word' id='word_1_205' title='bbox 1020 2872 1127 2950; x_wconf 87' lang='lat' dir='ltr'><strong>‘oron’,</strong></span> <span class='ocrx_word' id='word_1_206' title='bbox 1159 2873 1215 2937; x_wconf 90' lang='lat' dir='ltr'><strong>sed</strong></span> <span class='ocrx_word' id='word_1_207' title='bbox 1244 2875 1342 2937; x_wconf 85' lang='lat' dir='ltr'><strong>etiam</strong></span> 
     </span>
     <span class='ocr_line' id='line_1_26' title="bbox 193 2971 1343 3061; baseline -0.001 -20"><span class='ocrx_word' id='word_1_208' title='bbox 193 2971 307 3041; x_wconf 87' lang='lat' dir='ltr'><strong>‘amne&#39;</strong></span> <span class='ocrx_word' id='word_1_209' title='bbox 347 2980 538 3057; x_wconf 83' lang='lat' dir='ltr'><strong>corruptum</strong></span> <span class='ocrx_word' id='word_1_210' title='bbox 571 2998 655 3056; x_wconf 84' lang='lat' dir='ltr'><strong>esse,</strong></span> <span class='ocrx_word' id='word_1_211' title='bbox 697 2998 781 3061; x_wconf 89' lang='lat' dir='ltr'><strong>quae</strong></span> <span class='ocrx_word' id='word_1_212' title='bbox 817 2977 990 3059; x_wconf 86' lang='lat' dir='ltr'><strong>‘superato’</strong></span> <span class='ocrx_word' id='word_1_213' title='bbox 1024 2978 1209 3040; x_wconf 81' lang='lat' dir='ltr'><strong>necessario</strong></span> <span class='ocrx_word' id='word_1_214' title='bbox 1250 2980 1343 3060; x_wconf 90' lang='lat' dir='ltr'><strong>sequi</strong></span> 
     </span>
     <span class='ocr_line' id='line_1_27' title="bbox 194 3079 1343 3160; baseline 0 -18"><span class='ocrx_word' id='word_1_215' title='bbox 194 3081 333 3144; x_wconf 77' lang='lat' dir='ltr'><strong>uidetur,</strong></span> <span class='ocrx_word' id='word_1_216' title='bbox 368 3080 451 3143; x_wconf 88' lang='lat' dir='ltr'><strong>haee</strong></span> <span class='ocrx_word' id='word_1_217' title='bbox 474 3079 575 3160; x_wconf 84' lang='lat' dir='ltr'><strong>igitur</strong></span> <span class='ocrx_word' id='word_1_218' title='bbox 592 3080 694 3144; x_wconf 90' lang='lat' dir='ltr'><strong>uerba</strong></span> <span class='ocrx_word' id='word_1_219' title='bbox 717 3082 764 3145; x_wconf 86' lang='lat' dir='ltr'><strong>ita</strong></span> <span class='ocrx_word' id='word_1_220' title='bbox 782 3081 941 3144; x_wconf 88' lang='lat' dir='ltr'><strong>mutanda</strong></span> <span class='ocrx_word' id='word_1_221' title='bbox 965 3100 1095 3143; x_wconf 83' lang='lat' dir='ltr'><strong>censeo:</strong></span> <span class='ocrx_word' id='word_1_222' title='bbox 1119 3098 1223 3140; x_wconf 83' lang='lat' dir='ltr'><strong>aarum</strong></span> <span class='ocrx_word' id='word_1_223' title='bbox 1246 3100 1343 3158; x_wconf 89' lang='lat' dir='ltr'><strong>omne,</strong></span> 
     </span>
     <span class='ocr_line' id='line_1_28' title="bbox 194 3180 1342 3274; baseline 0.004 -32"><span class='ocrx_word' id='word_1_224' title='bbox 194 3182 285 3262; x_wconf 72' lang='lat' dir='ltr'><strong>snpra</strong></span> <span class='ocrx_word' id='word_1_225' title='bbox 319 3180 494 3264; x_wconf 74' lang='lat' dir='ltr'><strong>ootr‘upeuta</strong></span> <span class='ocrx_word' id='word_1_226' title='bbox 522 3188 640 3246; x_wconf 85' lang='lat' dir='ltr'><strong>cetera.</strong></span> <span class='ocrx_word' id='word_1_227' title='bbox 666 3218 706 3226; x_wconf 95' lang='lat'><strong>—</strong></span> <span class='ocrx_word' id='word_1_228' title='bbox 730 3186 757 3261; x_wconf 80' lang='lat'><strong>7,</strong></span> <span class='ocrx_word' id='word_1_229' title='bbox 782 3187 822 3246; x_wconf 75' lang='lat'><strong>28</strong></span> <span class='ocrx_word' id='word_1_230' title='bbox 847 3183 871 3246; x_wconf 90' lang='lat' dir='ltr'>P</span> <span class='ocrx_word' id='word_1_231' title='bbox 893 3182 1065 3262; x_wconf 75' lang='lat' dir='ltr'><strong>respoudit,</strong></span> <span class='ocrx_word' id='word_1_232' title='bbox 1102 3182 1190 3263; x_wconf 90' lang='lat' dir='ltr'><strong>qnod</strong></span> <span class='ocrx_word' id='word_1_233' title='bbox 1213 3183 1342 3274; x_wconf 23' lang='lat' dir='ltr'><strong>,deinde</strong></span> 
     </span>
     <span class='ocr_line' id='line_1_29' title="bbox 196 3284 1341 3367; baseline 0.003 -20"><span class='ocrx_word' id='word_1_234' title='bbox 196 3289 210 3347; x_wconf 94' lang='lat'>1</span> <span class='ocrx_word' id='word_1_235' title='bbox 237 3306 278 3348; x_wconf 91' lang='lat' dir='ltr'><strong>m.</strong></span> <span class='ocrx_word' id='word_1_236' title='bbox 301 3285 335 3348; x_wconf 93' lang='lat' dir='ltr'><strong>in</strong></span> <span class='ocrx_word' id='word_1_237' title='bbox 358 3319 400 3328; x_wconf 89' lang='lat'>—</span> <span class='ocrx_word' id='word_1_238' title='bbox 422 3290 476 3349; x_wconf 87' lang='lat' dir='ltr'><strong>eut</strong></span> <span class='ocrx_word' id='word_1_239' title='bbox 496 3287 646 3349; x_wconf 87' lang='lat' dir='ltr'><strong>mutauit.</strong></span> <span class='ocrx_word' id='word_1_240' title='bbox 693 3287 750 3350; x_wconf 87' lang='lat' dir='ltr'><strong>sed</strong></span> <span class='ocrx_word' id='word_1_241' title='bbox 772 3287 882 3350; x_wconf 90' lang='lat' dir='ltr'><strong>uerior</strong></span> <span class='ocrx_word' id='word_1_242' title='bbox 905 3293 956 3349; x_wconf 87' lang='lat' dir='ltr'><strong>est</strong></span> <span class='ocrx_word' id='word_1_243' title='bbox 979 3285 1168 3367; x_wconf 81' lang='lat' dir='ltr'><strong>singularis3</strong></span> <span class='ocrx_word' id='word_1_244' title='bbox 1198 3284 1237 3349; x_wconf 85' lang='lat' dir='ltr'><strong>of.</strong></span> <span class='ocrx_word' id='word_1_245' title='bbox 1262 3285 1279 3367; x_wconf 66' lang='grc' dir='ltr'><strong>ἓ</strong></span> <span class='ocrx_word' id='word_1_246' title='bbox 1303 3291 1341 3350; x_wconf 79' lang='grc'><strong>25</strong></span> 
     </span>
     <span class='ocr_line' id='line_1_30' title="bbox 194 3385 1343 3469; baseline 0.002 -19"><span class='ocrx_word' id='word_1_247' title='bbox 194 3391 365 3451; x_wconf 84' lang='lat' dir='ltr'><strong>‘maximus</strong></span> <span class='ocrx_word' id='word_1_248' title='bbox 388 3394 469 3452; x_wconf 88' lang='lat' dir='ltr'><strong>natu</strong></span> <span class='ocrx_word' id='word_1_249' title='bbox 493 3409 510 3451; x_wconf 92' lang='lat' dir='ltr'><strong>e</strong></span> <span class='ocrx_word' id='word_1_250' title='bbox 534 3388 778 3466; x_wconf 84' lang='lat' dir='ltr'><strong>sacerdotibus’,</strong></span> <span class='ocrx_word' id='word_1_251' title='bbox 803 3385 878 3469; x_wconf 75' lang='lat' dir='ltr'><strong>§at</strong></span> <span class='ocrx_word' id='word_1_252' title='bbox 894 3386 1079 3452; x_wconf 57' lang='lat' dir='ltr'><strong>‘sacerdos</strong></span> <span class='ocrx_word' id='word_1_253' title='bbox 1115 3390 1232 3453; x_wconf 82' lang='lat' dir='ltr'><strong>ueteris</strong></span> <span class='ocrx_word' id='word_1_254' title='bbox 1255 3390 1343 3454; x_wconf 87' lang='lat' dir='ltr'><strong>eodi-</strong></span> 
     </span>
     <span class='ocr_line' id='line_1_31' title="bbox 194 3480 871 3574; baseline 0.003 -21"><span class='ocrx_word' id='word_1_255' title='bbox 194 3488 286 3554; x_wconf 88' lang='lat' dir='ltr'><strong>aibus</strong></span> <span class='ocrx_word' id='word_1_256' title='bbox 309 3489 381 3553; x_wconf 92' lang='lat' dir='ltr'><strong>aliis</strong></span> <span class='ocrx_word' id='word_1_257' title='bbox 404 3489 473 3569; x_wconf 88' lang='lat' dir='ltr'><strong>hoe,</strong></span> <span class='ocrx_word' id='word_1_258' title='bbox 497 3489 571 3554; x_wconf 90' lang='lat' dir='ltr'><strong>aliis</strong></span> <span class='ocrx_word' id='word_1_259' title='bbox 594 3489 675 3554; x_wconf 87' lang='lat' dir='ltr'><strong>illud</strong></span> <span class='ocrx_word' id='word_1_260' title='bbox 699 3480 871 3574; x_wconf 63' lang='lat' dir='ltr'><strong>placuit?</strong></span> 
     </span>
    </p>

    <p class='ocr_par' dir='ltr' id='par_1_6' title="bbox 193 3592 1344 4606">
     <span class='ocr_line' id='line_1_32' title="bbox 323 3592 1342 3678; baseline 0.005 -24"><span class='ocrx_word' id='word_1_261' title='bbox 323 3596 351 3671; x_wconf 87' lang='grc'><strong>8,</strong></span> <span class='ocrx_word' id='word_1_262' title='bbox 384 3596 422 3656; x_wconf 82' lang='grc'><strong>15</strong></span> <span class='ocrx_word' id='word_1_263' title='bbox 452 3592 477 3656; x_wconf 91' lang='grc' dir='ltr'>Ρ</span> <span class='ocrx_word' id='word_1_264' title='bbox 508 3598 597 3658; x_wconf 88' lang='lat' dir='ltr'><strong>reete</strong></span> <span class='ocrx_word' id='word_1_265' title='bbox 625 3593 659 3656; x_wconf 91' lang='lat' dir='ltr'><strong>in</strong></span> <span class='ocrx_word' id='word_1_266' title='bbox 683 3593 915 3674; x_wconf 77' lang='lat' dir='ltr'><strong>Spartanorum</strong></span> <span class='ocrx_word' id='word_1_267' title='bbox 943 3594 1081 3678; x_wconf 90' lang='lat' dir='ltr'><strong>primam</strong></span> <span class='ocrx_word' id='word_1_268' title='bbox 1103 3594 1247 3659; x_wconf 90' lang='lat' dir='ltr'><strong>litteram</strong></span> <span class='ocrx_word' id='word_1_269' title='bbox 1276 3616 1342 3659; x_wconf 90' lang='lat' dir='ltr'><strong>ser·</strong></span> 
     </span>
     <span class='ocr_line' id='line_1_33' title="bbox 195 3693 1342 3778; baseline 0.003 -20"><span class='ocrx_word' id='word_1_270' title='bbox 195 3697 305 3774; x_wconf 81' lang='lat' dir='ltr'><strong>uanit3</strong></span> <span class='ocrx_word' id='word_1_271' title='bbox 336 3705 368 3759; x_wconf 90' lang='lat' dir='ltr'><strong>et</strong></span> <span class='ocrx_word' id='word_1_272' title='bbox 395 3693 411 3777; x_wconf 65' lang='grc' dir='ltr'><strong>ἓ</strong></span> <span class='ocrx_word' id='word_1_273' title='bbox 439 3700 475 3759; x_wconf 90' lang='grc'><strong>16</strong></span> <span class='ocrx_word' id='word_1_274' title='bbox 503 3697 537 3759; x_wconf 88' lang='lat' dir='ltr'><strong>in</strong></span> <span class='ocrx_word' id='word_1_275' title='bbox 568 3717 605 3760; x_wconf 92' lang='lat' dir='ltr'><strong>eo</strong></span> <span class='ocrx_word' id='word_1_276' title='bbox 633 3717 698 3761; x_wconf 90' lang='lat' dir='ltr'><strong>non</strong></span> <span class='ocrx_word' id='word_1_277' title='bbox 721 3696 913 3778; x_wconf 65' lang='lat' dir='ltr'><strong>utrimque,</strong></span> <span class='ocrx_word' id='word_1_278' title='bbox 941 3697 997 3759; x_wconf 86' lang='lat' dir='ltr'><strong>sed</strong></span> <span class='ocrx_word' id='word_1_279' title='bbox 1025 3701 1190 3778; x_wconf 83' lang='lat' dir='ltr'><strong>utrumque</strong></span> <span class='ocrx_word' id='word_1_280' title='bbox 1218 3707 1277 3762; x_wconf 90' lang='lat' dir='ltr'><strong>est.</strong></span> <span class='ocrx_word' id='word_1_281' title='bbox 1304 3733 1342 3742; x_wconf 92' lang='lat'><strong>—-</strong></span> 
     </span>
     <span class='ocr_line' id='line_1_34' title="bbox 197 3798 1343 3880; baseline 0.003 -19"><span class='ocrx_word' id='word_1_282' title='bbox 197 3819 224 3862; x_wconf 89' lang='lat' dir='ltr'><strong>e.</strong></span> <span class='ocrx_word' id='word_1_283' title='bbox 249 3802 277 3877; x_wconf 88' lang='grc'><strong>9,</strong></span> <span class='ocrx_word' id='word_1_284' title='bbox 300 3803 319 3860; x_wconf 90' lang='grc'>4</span> <span class='ocrx_word' id='word_1_285' title='bbox 343 3798 445 3862; x_wconf 85' lang='lat' dir='ltr'><strong>codex</strong></span> <span class='ocrx_word' id='word_1_286' title='bbox 466 3798 650 3880; x_wconf 73' lang='lat' dir='ltr'><strong>tupeusque,</strong></span> <span class='ocrx_word' id='word_1_287' title='bbox 673 3804 709 3863; x_wconf 91' lang='lat' dir='ltr'><strong>ut</strong></span> <span class='ocrx_word' id='word_1_288' title='bbox 730 3801 877 3878; x_wconf 75' lang='lat' dir='ltr'><strong>eruderat,</strong></span> <span class='ocrx_word' id='word_1_289' title='bbox 900 3799 1038 3863; x_wconf 78' lang='lat' dir='ltr'><strong>hostiurn</strong></span> <span class='ocrx_word' id='word_1_290' title='bbox 1062 3806 1170 3877; x_wconf 84' lang='lat' dir='ltr'><strong>terror,</strong></span> <span class='ocrx_word' id='word_1_291' title='bbox 1195 3801 1343 3866; x_wconf 77' lang='lat' dir='ltr'><strong>ducentae</strong></span> 
     </span>
     <span class='ocr_line' id='line_1_35' title="bbox 193 3901 1341 3986; baseline 0.003 -23"><span class='ocrx_word' id='word_1_292' title='bbox 193 3901 327 3980; x_wconf 74' lang='lat' dir='ltr'><strong>falcatae</strong></span> <span class='ocrx_word' id='word_1_293' title='bbox 359 3902 543 3982; x_wconf 75' lang='lat' dir='ltr'><strong>quadripae,</strong></span> <span class='ocrx_word' id='word_1_294' title='bbox 585 3903 670 3966; x_wconf 90' lang='lat' dir='ltr'><strong>unde</strong></span> <span class='ocrx_word' id='word_1_295' title='bbox 704 3903 813 3986; x_wconf 89' lang='lat' dir='ltr'><strong>potius</strong></span> <span class='ocrx_word' id='word_1_296' title='bbox 847 3901 988 3966; x_wconf 82' lang='lat' dir='ltr'><strong>credebat</strong></span> <span class='ocrx_word' id='word_1_297' title='bbox 1024 3904 1229 3984; x_wconf 72' lang='lat' dir='ltr'><strong>quamtum</strong></span> <span class='ocrx_word' id='word_1_298' title='bbox 1263 3905 1341 3968; x_wconf 91' lang='lat' dir='ltr'><strong>dett.</strong></span> 
     </span>
     <span class='ocr_line' id='line_1_36' title="bbox 195 4003 1343 4088; baseline 0.003 -23"><span class='ocrx_word' id='word_1_299' title='bbox 195 4003 401 4067; x_wconf 63' lang='lat' dir='ltr'><strong>‘crediderat&#39;</strong></span> <span class='ocrx_word' id='word_1_300' title='bbox 424 4004 628 4085; x_wconf 79' lang='lat' dir='ltr'><strong>faciendum3</strong></span> <span class='ocrx_word' id='word_1_301' title='bbox 651 4026 724 4069; x_wconf 88' lang='lat' dir='ltr'><strong>nam</strong></span> <span class='ocrx_word' id='word_1_302' title='bbox 750 4026 904 4069; x_wconf 82' lang='lat' dir='ltr'><strong>curruum</strong></span> <span class='ocrx_word' id='word_1_303' title='bbox 927 4006 1071 4088; x_wconf 86' lang='lat' dir='ltr'><strong>periculo</strong></span> <span class='ocrx_word' id='word_1_304' title='bbox 1095 4005 1239 4069; x_wconf 88' lang='lat' dir='ltr'><strong>nondum</strong></span> <span class='ocrx_word' id='word_1_305' title='bbox 1256 4006 1343 4071; x_wconf 83' lang='lat' dir='ltr'><strong>laeto</strong></span> 
     </span>
     <span class='ocr_line' id='line_1_37' title="bbox 197 4106 1343 4191; baseline 0.002 -21"><span class='ocrx_word' id='word_1_306' title='bbox 197 4126 270 4170; x_wconf 90' lang='lat' dir='ltr'><strong>eum</strong></span> <span class='ocrx_word' id='word_1_307' title='bbox 294 4127 368 4188; x_wconf 90' lang='lat' dir='ltr'><strong>spes</strong></span> <span class='ocrx_word' id='word_1_308' title='bbox 391 4106 461 4171; x_wconf 89' lang='lat' dir='ltr'><strong>eius</strong></span> <span class='ocrx_word' id='word_1_309' title='bbox 485 4107 624 4191; x_wconf 81' lang='lat' dir='ltr'><strong>decepta</strong></span> <span class='ocrx_word' id='word_1_310' title='bbox 646 4129 712 4172; x_wconf 88' lang='lat' dir='ltr'><strong>non</strong></span> <span class='ocrx_word' id='word_1_311' title='bbox 736 4118 831 4186; x_wconf 89' lang='lat' dir='ltr'><strong>esset,</strong></span> <span class='ocrx_word' id='word_1_312' title='bbox 860 4130 918 4173; x_wconf 88' lang='lat' dir='ltr'><strong>rex</strong></span> <span class='ocrx_word' id='word_1_313' title='bbox 941 4111 1040 4173; x_wconf 89' lang='lat' dir='ltr'><strong>etiam</strong></span> <span class='ocrx_word' id='word_1_314' title='bbox 1063 4116 1133 4172; x_wconf 87' lang='lat' dir='ltr'><strong>tum</strong></span> <span class='ocrx_word' id='word_1_315' title='bbox 1158 4110 1192 4172; x_wconf 90' lang='lat' dir='ltr'><strong>in</strong></span> <span class='ocrx_word' id='word_1_316' title='bbox 1215 4108 1343 4174; x_wconf 80' lang='lat' dir='ltr'><strong>falcatis</strong></span> 
     </span>
     <span class='ocr_line' id='line_1_38' title="bbox 195 4209 1343 4294; baseline 0.004 -23"><span class='ocrx_word' id='word_1_317' title='bbox 195 4209 365 4291; x_wconf 85' lang='lat' dir='ltr'><strong>quadrigis</strong></span> <span class='ocrx_word' id='word_1_318' title='bbox 389 4230 479 4292; x_wconf 85' lang='lat' dir='ltr'><strong>spem</strong></span> <span class='ocrx_word' id='word_1_319' title='bbox 501 4211 615 4275; x_wconf 83' lang='lat' dir='ltr'><strong>auxilii</strong></span> <span class='ocrx_word' id='word_1_320' title='bbox 638 4211 789 4294; x_wconf 88' lang='lat' dir='ltr'><strong>ponebat.</strong></span> <span class='ocrx_word' id='word_1_321' title='bbox 834 4212 912 4275; x_wconf 88' lang='lat' dir='ltr'><strong>item</strong></span> <span class='ocrx_word' id='word_1_322' title='bbox 935 4211 1029 4276; x_wconf 91' lang='lat' dir='ltr'><strong>VllIl</strong></span> <span class='ocrx_word' id='word_1_323' title='bbox 1060 4215 1088 4292; x_wconf 84' lang='lat'><strong>3,</strong></span> <span class='ocrx_word' id='word_1_324' title='bbox 1117 4215 1145 4290; x_wconf 80' lang='lat'><strong>2,</strong></span> <span class='ocrx_word' id='word_1_325' title='bbox 1175 4211 1231 4276; x_wconf 90' lang='lat' dir='ltr'><strong>ubi</strong></span> <span class='ocrx_word' id='word_1_326' title='bbox 1259 4233 1343 4276; x_wconf 92' lang='lat' dir='ltr'><strong>nuno</strong></span> 
     </span>
     <span class='ocr_line' id='line_1_39' title="bbox 195 4314 1342 4398; baseline 0.003 -22"><span class='ocrx_word' id='word_1_327' title='bbox 195 4333 234 4376; x_wconf 87' lang='lat' dir='ltr'><strong>ex</strong></span> <span class='ocrx_word' id='word_1_328' title='bbox 255 4318 368 4378; x_wconf 88' lang='lat' dir='ltr'><strong>uetere</strong></span> <span class='ocrx_word' id='word_1_329' title='bbox 392 4314 580 4377; x_wconf 80' lang='lat' dir='ltr'><strong>coniectura</strong></span> <span class='ocrx_word' id='word_1_330' title='bbox 610 4334 797 4396; x_wconf 80' lang='lat' dir='ltr'><strong>quamquam</strong></span> <span class='ocrx_word' id='word_1_331' title='bbox 828 4320 954 4394; x_wconf 77' lang='lat' dir='ltr'><strong>cuperet</strong></span> <span class='ocrx_word' id='word_1_332' title='bbox 981 4315 1098 4394; x_wconf 90' lang='lat' dir='ltr'><strong>editur,</strong></span> <span class='ocrx_word' id='word_1_333' title='bbox 1129 4318 1283 4398; x_wconf 90' lang='lat' dir='ltr'><strong>quoniam</strong></span> <span class='ocrx_word' id='word_1_334' title='bbox 1310 4319 1342 4380; x_wconf 91' lang='lat' dir='ltr'><strong>in</strong></span> 
     </span>
     <span class='ocr_line' id='line_1_40' title="bbox 196 4413 1344 4500; baseline 0.004 -22"><span class='ocrx_word' id='word_1_335' title='bbox 196 4413 266 4478; x_wconf 89' lang='lat' dir='ltr'><strong>Pet</strong></span> <span class='ocrx_word' id='word_1_336' title='bbox 278 4436 341 4479; x_wconf 87' lang='lat' dir='ltr'><strong>seo.</strong></span> <span class='ocrx_word' id='word_1_337' title='bbox 356 4416 452 4479; x_wconf 88' lang='lat' dir='ltr'><strong>class.</strong></span> <span class='ocrx_word' id='word_1_338' title='bbox 466 4417 614 4495; x_wconf 73' lang='lat' dir='ltr'><strong>cupierat,</strong></span> <span class='ocrx_word' id='word_1_339' title='bbox 630 4419 662 4480; x_wconf 89' lang='lat' dir='ltr'><strong>in</strong></span> <span class='ocrx_word' id='word_1_340' title='bbox 676 4419 793 4483; x_wconf 81' lang='lat' dir='ltr'><strong>ceteris</strong></span> <span class='ocrx_word' id='word_1_341' title='bbox 807 4423 935 4499; x_wconf 77' lang='lat' dir='ltr'><strong>ruperat</strong></span> <span class='ocrx_word' id='word_1_342' title='bbox 945 4426 1005 4496; x_wconf 88' lang='lat' dir='ltr'><strong>est,</strong></span> <span class='ocrx_word' id='word_1_343' title='bbox 1023 4418 1232 4483; x_wconf 88' lang='lat' dir='ltr'><strong>scribendum</strong></span> <span class='ocrx_word' id='word_1_344' title='bbox 1244 4420 1344 4500; x_wconf 78' lang='lat' dir='ltr'><strong>eapie-</strong></span> 
     </span>
     <span class='ocr_line' id='line_1_41' title="bbox 196 4513 1343 4606; baseline 0.005 -26"><span class='ocrx_word' id='word_1_345' title='bbox 196 4513 263 4598; x_wconf 80' lang='lat' dir='ltr'><strong>bat3</strong></span> <span class='ocrx_word' id='word_1_346' title='bbox 287 4540 362 4582; x_wconf 87' lang='lat' dir='ltr'><strong>nam</strong></span> <span class='ocrx_word' id='word_1_347' title='bbox 386 4519 628 4582; x_wconf 80' lang='lat' dir='ltr'><strong>coniunctiuum</strong></span> <span class='ocrx_word' id='word_1_348' title='bbox 654 4522 871 4606; x_wconf 83' lang='lat' dir='ltr'><strong>‘quamquam’</strong></span> <span class='ocrx_word' id='word_1_349' title='bbox 896 4521 982 4604; x_wconf 86' lang='lat' dir='ltr'><strong>apud</strong></span> <span class='ocrx_word' id='word_1_350' title='bbox 1005 4520 1152 4585; x_wconf 83' lang='lat' dir='ltr'><strong>Curtium</strong></span> <span class='ocrx_word' id='word_1_351' title='bbox 1174 4543 1238 4586; x_wconf 91' lang='lat' dir='ltr'><strong>non</strong></span> <span class='ocrx_word' id='word_1_352' title='bbox 1263 4524 1343 4587; x_wconf 84' lang='lat' dir='ltr'><strong>uult.</strong></span> 
     </span>
    </p>
   </div>
   <div class='ocr_carea' id='block_1_5' title="bbox 0 0 1547 5152">
    <p class='ocr_par' dir='ltr' id='par_1_7' title="bbox 0 0 1547 5152">
     <span class='ocr_line' id='line_1_42' title="bbox 0 0 1547 5152; baseline 0 0"><span class='ocrx_word' id='word_1_353' title='bbox 0 0 1547 5152; x_wconf 95' lang='lat' dir='ltr'><strong> </strong></span> 
     </span>
    </p>
   </div>
  </div>
 </body>
</html>
