3082 5152
749 369 790 428 80

194 557 304 620 iincueu
331 555 458 619 uinctos
487 554 653 618 udseruori
685 553 776 618 iubel.
821 541 846 616 P
875 553 982 617 omitti
1020 551 1159 631 ι61116111,
1192 557 1225 615 et
1257 551 1339 616 haec

192 658 388 737 coniunctio,
411 677 494 740 quae
510 655 605 720 focile
623 656 832 737 intellegitur,
857 676 930 720 cum
948 654 1094 737 proxime
1110 652 1197 718 infra
1215 654 1338 733 redeat,

191 762 307 825 melius
330 760 446 825 aberit.

322 867 350 941 7,
375 869 395 927 4
418 861 510 927 codd.
531 865 625 942 quoio
639 880 723 940 noers
740 861 950 925 Macedonum
967 860 1119 924 saeuitiae
1138 865 1208 924 luce
1229 880 1340 940 super·

193 965 264 1031 esi?
308 971 421 1046 quotus
449 965 575 1046 quideun
596 984 661 1027 uou
689 963 888 1028 ouilissiuno
911 961 1090 1045 soupuiue?
1134 962 1341 1027 desideratur

192 1076 269 1153 post
292 1068 427 1150 ‘quotus'
450 1089 628 1151 pronomen
650 1067 817 1151 ‘quisque’.
852 1088 959 1149 neque
983 1066 1067 1130 enim
1090 1064 1225 1155 uerbum
1251 1065 1341 1147 ‘quo-

192 1172 257 1236 tus’
281 1170 489 1235 substantioe
514 1169 623 1234 Latini
647 1168 862 1252 usurpabant,
895 1190 1000 1253 neque
1023 1169 1054 1232 ei
1076 1170 1127 1232 uis
1156 1168 1223 1245 illa,
1256 1187 1341 1250 quae

193 1275 246 1338 hic
274 1275 463 1357 requiritur,
496 1274 603 1356 ‘quam
626 1273 767 1354 paruus'‚
803 1273 912 1354 ‘quam
934 1271 1040 1355 pauci’
1064 1272 1126 1335 nisi
1148 1291 1221 1334 cum
1244 1268 1340 1352 ‘pars'

193 1375 349 1460 (‘portio')
380 1380 438 1440 aut
468 1374 626 1458 ‘quisque’
650 1375 824 1439 coniuncto
854 1381 935 1439 erat.
980 1374 1096 1452 deinde
1119 1371 1279 1455 ‘quidem’‚
1314 1373 1343 1435 si

193 1481 379 1563 scripsisset
401 1477 542 1554 Curtius,
580 1484 667 1541 certe
698 1499 761 1542 non
792 1478 986 1542 diiunxisset
1014 1475 1242 1552 o‘uilissimo'‚
1277 1495 1343 1558 quo

195 1604 292 1647 sensu
316 1583 468 1666 pertinet.
515 1581 678 1645 dissoluta
699 1581 798 1662 igitur
821 1602 902 1645 uoce
924 1580 1074 1664 ‘quidem'
1097 1580 1237 1644 fortusse
1262 1580 1342 1642 scri-

193 1685 351 1750 bendum:
377 1689 491 1766 quoius
514 1683 646 1765 quisque
669 1685 706 1747 de
727 1683 923 1748 nobilissimo
946 1682 1111 1764 soupuirne.
1157 1685 1344 1763 sequuntur

193 1795 282 1852 certe
304 1789 437 1851 nomino
458 1786 737 1850 nobilissimorum
760 1785 985 1867 Macedonum,
1016 1807 1096 1869 quos
1119 1782 1261 1849 interfici
1284 1805 1344 1847 rex

193 1891 348 1954 iusserat.
396 1890 510 1954 eodem
544 1889 639 1953 modo
671 1887 799 1952 Cornel.
828 1889 909 1973 Nep.
933 1890 1007 1953 Dat.
1031 1889 1079 1952 Ill
1108 1893 1128 1952 4
1156 1909 1215 1971 pro
1240 1887 1343 1951 ‘nobi-

193 1990 242 2057 lis'
269 1994 300 2056 in
335 1994 405 2058 cod.
437 1993 626 2058 Monaceusi
661 1999 710 2056 est
744 1994 818 2056 ‘non
852 1991 947 2071 uilis’‚
982 2001 1015 2057 et
1049 1994 1096 2056 sic
1131 1991 1207 2056 olim
1240 1989 1342 2072 uulgo

194 2097 360 2161 edebatur.
448 2104 451 2109 '

322 2203 350 2277 7,
377 2203 413 2263 12
442 2197 466 2261 P
496 2204 530 2263 et
563 2197 633 2262 cod.
656 2198 873 2262 Florentinus
896 2197 1022 2261 Heinsii
1050 2203 1139 2261 recte
1171 2195 1344 2261 Persarum

195 2308 223 2366 te
243 2303 344 2366 uestis
367 2307 396 2364 et
415 2301 582 2381 disceptione
603 2300 770 2377 deiecturni;
792 2302 824 2363 iu
843 2301 961 2365 ceteris
978 2300 1115 2364 uerbum
1134 2300 1344 2380 singulariter

194 2404 338 2471 effertur.
1370 2487 1377 2492 -

322 2512 351 2586 8,
376 2515 392 2570 d
416 2505 545 2570 Modius
565 2506 598 2570 in
611 2505 686 2569 Not.
700 2527 731 2588 p.
748 2509 821 2569 148:
848 2508 933 2587 ‘post
954 2527 1018 2570 uou
1040 2508 1201 2589 iquoruiiu
1225 2507 1342 2589 inquit,

194 2612 344 2693 sequitur
367 2610 399 2672 in
424 2609 574 2678 omnibus
599 2609 695 2673 editis
723 2608 815 2672 libris
843 2628 1083 2674 courueunorure
1113 2630 1344 2690 supeunocuunu

195 2720 252 2793 esi,
287 2712 391 2795 quod,
409 2712 540 2794 quidem
569 2711 631 2776 nisi
661 2733 696 2776 re
725 2732 805 2775 uera
832 2711 895 2775 hoc
924 2711 995 2777 loco
1018 2733 1256 2796 superuacuum
1281 2718 1341 2789 est,

195 2818 354 2881 seruitum
383 2837 433 2879 me
462 2815 618 2880 abducito
642 2822 675 2879 et
698 2835 757 2897 ego
780 2836 831 2879 me
852 2814 913 2879 tibi
937 2815 1104 2880 addicum'.
1128 2815 1343 2880 —similiter

194 2920 282 2984 infra
304 2940 331 2984 c.
357 2922 405 2996 13,
430 2921 471 2981 ‘24
494 2918 722 2999 corrigendum
745 2917 885 2983 uidetur.
930 2939 1007 2983 nam
1035 2939 1108 2982 cum
1136 2918 1183 2982 ibi
1211 2920 1245 2983 in
1272 2919 1356 3012 ple-l

133 3066 137 3071 -
192 3026 302 3105 risque
326 3021 494 3087 codicibus
516 3022 573 3086 sit:
598 3021 675 3085 odeo
697 3022 820 3100 spissae
842 3024 1003 3086 iuieudere
1024 3042 1058 3086 se
1080 3019 1186 3103 uubes,
1209 3026 1341 3113 nni-cou-

196 3127 303 3190 dereui
326 3124 423 3188 luceru
445 3123 562 3206 inicique
584 3123 835 3204 conloquentium
856 3125 939 3188 iuter
960 3125 1048 3204 uisos
1076 3127 1176 3207 facies
1203 3124 1340 3189 uosniiu·

194 3233 311 3308 rentur,
346 3228 380 3291 in
408 3225 433 3288 P
463 3228 646 3291 coniunctio
682 3227 872 3310 copulatius
901 3234 976 3309 post
1004 3228 1078 3291 ‘uix'
1102 3227 1203 3308 deest,
1237 3249 1340 3310 quare

197 3331 300 3395 uerba
330 3328 518 3394 ‘conderent
550 3329 664 3393 luoem’
699 3329 958 3394 additamentum
992 3352 1071 3412 esse,
1103 3332 1266 3397 inutiliter
1299 3331 1340 3396 ab

195 3434 305 3517 aliquo
335 3433 546 3515 adscriptum,
576 3453 700 3498 censeo.
746 3454 821 3495 nam
846 3435 997 3516 quamuis
1026 3435 1109 3499 haec
1137 3437 1341 3512 omittantur,

196 3557 253 3601 cur
275 3537 308 3600 in
330 3535 475 3600 tenebris
498 3556 538 3599 ne
562 3535 700 3617 proximi
723 3536 854 3616 quidem
879 3536 1194 3618 interseruerint,
1219 3539 1341 3622 optime

195 3640 422 3722 intellegimus.

322 3747 351 3819 8,
376 3747 394 3805 6
417 3741 531 3822 uulgo:
558 3739 728 3823 Luucesieu
749 3760 823 3804 uero
840 3741 1059 3806 Aleuuudruru
1081 3741 1130 3807 bis
1151 3742 1342 3808 iusidiuluu

196 3846 292 3926 copiti
314 3865 380 3909 unco
403 3865 422 3909 u
444 3841 563 3908 duobus
584 3841 742 3907 iudicibus
766 3842 915 3922 liberoui,·
946 3864 1060 3910 rursus
1083 3846 1258 3911 conuicium
1280 3866 1342 3926 per

196 3948 369 4012 irieuuiuun
391 3953 493 4012 tonuern
516 3946 639 4010 distuli.
678 3946 862 4011 Alexander
885 3947 940 4010 ille
960 3947 1134 4031 Lyncestes
1158 3951 1230 4032 quis
1254 3955 1343 4014 esset

195 4052 316 4135 quidue
340 4071 440 4115 ausus
465 4055 558 4128 esset,
583 4047 715 4112 Curtius
738 4051 807 4132 ipse
824 4050 884 4114 Vll
904 4054 931 4127 1,
956 4055 1038 4115 5-6
1061 4051 1112 4116 his
1135 4052 1245 4117 uerbis
1267 4073 1341 4116 nar·

195 4159 344 4217 reuerent:
367 4152 547 4216 ‘Atharrias
570 4152 737 4234 postulare
761 4153 879 4236 coepit,
901 4160 938 4218 ut
962 4153 1136 4237 Lyncestes
1148 4154 1341 4234 Alexander,

198 4257 254 4338 qui
277 4254 380 4319 multo
404 4262 480 4319 ante
504 4276 600 4338 quum
624 4254 771 4319 Philotas
793 4277 901 4337 regern
924 4256 1085 4321 uoluisset
1108 4257 1265 4336 occidere,
1289 4279 1343 4320 ex·

195 4357 373 4422 biberetur.
415 4379 435 4422 a
459 4357 587 4421 duobus
610 4357 781 4436 indicibus,
806 4360 890 4422 sicut
913 4379 1013 4441 supra
1036 4359 1174 4424 diximus
1200 4359 1345 4442 [fueraut

195 4461 279 4525 haec
309 4461 342 4525 in
375 4460 556 4543 deperditis
586 4458 692 4541 libris]
716 4461 847 4525 deletus
870 4463 1004 4526 tertium
1026 4462 1090 4525 iam
1115 4485 1232 4528 annum
1256 4463 1344 4529 cohi-

196 4564 338 4629 bebatur
360 4565 393 4626 in
416 4563 576 4627 uinculis'.
622 4584 705 4646 quae
730 4570 839 4628 autem
864 4565 903 4629 de
927 4566 1153 4630 coniuratione
1176 4569 1246 4631 eius
1270 4588 1343 4631 cum
