3068 5152
739 370 757 429 9
840 422 842 426 .

301 558 329 630 2,
354 551 542 617 afledickc
565 514 741 618 altmarus.
808 552 834 615 E
859 560 892 618 et
914 553 938 616 P
961 555 1099 618 reri-aas.

291 736 297 744 ἱ
449 690 489 700 -
566 660 599 720 ot
620 655 702 720 boec.
861 690 900 701 —-
959 658 1002 722 od
1022 656 1104 720 boec.

353 764 372 822 4
450 793 487 803 —
566 758 769 824 conturbatos.
854 794 896 804 —
956 758 1157 825 conturbatis.

354 864 372 924 7
448 895 490 904 -
563 877 774 942 peccassem.
857 893 898 908 ⁴-
957 883 1099 943 peocosse
1119 883 1197 927 sese.

446 999 489 1008 —
564 963 686 1047 quibos
764 1037 766 1042 ‚
856 1001 898 1010 -
959 968 1022 1048 qai.

171 1066 372 1149 descriptum
395 1067 457 1132 hoo
479 1065 696 1149 fragmentum
714 1090 732 1133 e
750 1066 775 1130 P
796 1088 865 1133 esse
889 1075 1043 1153 apparet3
1067 1069 1163 1134 uenio
1187 1069 1252 1133 iam
1277 1069 1319 1133 ad

174 1168 289 1234 altera.

257 1272 328 1338 Duo
352 1270 388 1348 Q.
413 1269 519 1337 Curtii
542 1273 756 1337 historiarum
777 1270 975 1356 fragmenta,
999 1295 1083 1357 quae
1105 1273 1181 1338 libri
1206 1273 1266 1337 VII
1289 1279 1318 1353 8,

176 1378 298 1438 12-30
333 1381 366 1439 et
396 1374 469 1439 VIII
494 1382 522 1453 7,
547 1379 661 1454 3—10,
685 1380 703 1438 2
727 1378 905 1456 continent,
938 1376 1119 1450 Bursianus
1155 1384 1230 1442 ante
1261 1379 1320 1442 hos

171 1478 376 1560 undeuiginti
398 1499 501 1542 annos
525 1479 556 1542 in
580 1478 692 1544 codice
709 1479 919 1546 miscellaneo
940 1481 1183 1561 Rhenaugiensi
1206 1502 1320 1564 reppe-

171 1583 223 1646 rit.
248 1602 308 1645 *ea
331 1581 448 1646 deinde
472 1582 507 1646 A.
531 1581 658 1663 Hugius
681 1581 732 1648 bis
761 1584 928 1665 tractauit,
963 1583 1103 1667 primum
1127 1605 1156 1648 a.
1183 1587 1264 1647 1865
1288 1585 1321 1648 in

171 1684 282 1751 Museo
306 1685 475 1764 Rhenano‚
509 1691 627 1769 postea
656 1707 686 1750 a.
712 1689 793 1751 1870
823 1686 856 1750 in
880 1685 993 1750 libello
1017 1685 1204 1752 academico
1227 1686 1319 1751 Turi·

172 1789 269 1865 censi,
304 1789 359 1872 qui
383 1788 620 1866 Quaestionum
643 1785 872 1853 Curtianarom
907 1811 982 1872 pars
1010 1789 1025 1852 I
1053 1790 1255 1868 inscribitur,
1286 1791 1320 1854 in

171 1912 235 1974 quo
257 1892 365 1970 etiam,
387 1892 420 1956 id
442 1891 528 1975 quod
547 1892 687 1957 maxime
700 1892 960 1971 desiderabatur,
983 1895 1089 1958 maius
1101 1891 1319 1975 fragmentum

171 2015 244 2059 oum
267 1994 412 2059 editione
428 1993 635 2061 Hedickiana
658 2003 811 2060 accurate
835 1996 982 2061 contulit.
1018 1996 1208 2061 aduerterat
1231 1995 1328 2078 docti¹

171 2097 309 2162 hominis
333 2099 476 2164 animum
499 2119 563 2164 non
588 2098 692 2162 solum
716 2103 809 2163 aetas
828 2099 1050 2182 reliquiarum,
1074 2121 1141 2184 qua
1160 2119 1216 2164 eas
1229 2098 1319 2164 Pari·
1342 2122 1353 2147 r

171 2200 277 2265 sinum
318 2222 449 2284 quoque
482 2201 745 2285 antiquissimum
777 2200 899 2265 librum
932 2201 1042 2284 paullo
1075 2207 1246 2284 praestare
1280 2223 1320 2266 ex

170 2303 355 2370 litterarum
384 2305 489 2369 forma
517 2304 651 2383 iudicat,
686 2304 743 2368 sed
768 2305 866 2368 etiam
890 2305 978 2388 quod
1002 2326 1060 2369 eae
1084 2293 1193 2388 operis
1217 2301 1321 2369 Curtii

171 2408 361 2490 particulae,
385 2428 469 2492 quae
487 2407 553 2471 illis
573 2406 766 2491 fragmentis
779 2407 962 2490 descriptae
976 2415 1061 2487 sunt,
1084 2409 1170 2472 inter
1187 2428 1320 2492 corrup·

132 2540 135 2548 ¹
170 2511 315 2576 tissimas
339 2511 482 2576 omnium
505 2532 570 2575 non
593 2512 755 2577 immerito
778 2516 1001 2576 numerantur.
1047 2511 1159 2593 itaque
1181 2510 1260 2589 fore,
1283 2517 1321 2576 ut

170 2613 296 2696 aliquot
318 2620 433 2680 uetera
454 2613 655 2679 detrimenta
676 2616 741 2679 iam
765 2614 879 2681 sarciri
902 2621 1046 2697 possent,
1082 2614 1215 2679 criticus
1247 2636 1320 2698 spe-

170 2716 275 2780 rabat.
322 2737 383 2781 nec
412 2738 490 2781 sane
521 2738 646 2800 paucae
676 2716 751 2782 inde
780 2739 886 2782 nouae
920 2719 1103 2802 scripturae
1133 2718 1217 2782 sumi
1243 2739 1316 2801 pos·

172 2826 264 2897 sunt3
299 2820 356 2885 sed
386 2827 497 2884 tamen
525 2821 565 2884 iis
595 2842 636 2886 ne
667 2826 836 2885 uetustate
860 2821 992 2901 codicis,
1026 2841 1111 2904 quae
1144 2820 1319 2901 indicatur,

169 2922 294 2986 inducti
322 2923 457 2987 nimium
485 2922 645 3003 tribuant,
679 2924 910 3005 grammaticos
941 2944 1065 2988 moneo.
1111 2931 1201 2988 certa
1232 2925 1318 2989 enim

171 3031 254 3101 sunt,
290 3045 373 3108 quae
402 3046 475 3090 cum
505 3026 647 3108 speciem
675 3027 819 3110 aliquam
841 3027 991 3091 ueritatis
1021 3025 1173 3106 habeant,
1210 3049 1319 3093 merae

171 3129 237 3193 sint
260 3128 469 3193 amanuensis
491 3129 762 3213 Interpolationes
786 3151 825 3193 ex
841 3128 980 3195 Parisini
1004 3130 1131 3194 mendis
1154 3123 1319 3195 interdum

171 3231 345 3313 profectae.
391 3231 484 3296 uelut
507 3231 583 3296 VIII
606 3238 634 3311 9,
664 3238 702 3296 32
732 3232 818 3314 (Indi
853 3237 1066 3313 exspectatam
1097 3238 1229 3298 mortem
1254 3253 1318 3314 pro

171 3336 317 3400 dedecore
344 3335 431 3400 ailoe
457 3334 583 3416 babeat)
613 3356 688 3399 oum
711 3337 743 3400 in
766 3336 801 3415 P,
835 3335 867 3400 id
892 3341 944 3400 est
965 3335 998 3399 in
1021 3334 1199 3420 archetypo
1222 3337 1318 3414 libro,

169 3438 250 3503 uitio
266 3440 431 3523 scriptum
453 3446 539 3505 esset
562 3441 669 3503 decore
691 3461 751 3523 pro
775 3441 930 3516 dedecore,
965 3439 999 3501 in
1029 3440 1141 3504 codice
1166 3440 1319 3504 Rhenan-

170 3543 272 3623 giensi
295 3541 436 3625 amplius
459 3543 559 3608 ctiam
583 3543 739 3607 mutando
770 3543 938 3623 expetitum
968 3547 1097 3607 mortem
1121 3562 1182 3622 pro
1212 3544 1320 3608 decore

170 3666 199 3708 a.
223 3644 251 3708 b.
283 3645 404 3710 factum
428 3650 493 3726 est3
529 3651 561 3710 et
594 3667 658 3710 non
691 3647 807 3712 inscite
836 3645 975 3729 quidem.
1022 3646 1079 3711 sed
1108 3667 1219 3710 ueram
1248 3667 1319 3711 esse

171 3747 401 3830 plerorumque
434 3748 584 3818 codicum
619 3749 816 3832 scripturam
851 3753 1059 3829 exspectatam
1093 3754 1224 3813 mortem
1255 3769 1319 3829 pro

171 3853 317 3916 dedecore
337 3874 366 3916 a.
391 3852 419 3917 b.
444 3854 593 3935 proxima
615 3838 807 3931 ostendunt,
840 3873 906 3916 non
929 3852 1014 3917 enim
1037 3852 1114 3936 quia
1137 3857 1319 3917 maturasse

170 3960 307 4019 mortem
331 3955 495 4033 decorum,
519 3955 578 4021 sed
601 3954 689 4040 quod
709 3960 917 4037 exspectasse
935 3976 1007 4021 eam
1027 3960 1124 4038 turpe
1142 3955 1319 4033 uideretur,

170 4057 325 4123 honorem
355 4079 415 4123 sua
443 4065 548 4124 morte
578 4058 740 4123 defunctis
761 4057 834 4121 Indi
857 4058 1033 4141 negabant.
1077 4078 1183 4140 neque
1210 4057 1266 4121 Vll
1288 4062 1318 4134 8,

170 4165 210 4224 28
245 4159 332 4242 (coac
362 4162 498 4244 credor),
532 4162 590 4228 ubi
620 4168 694 4244 post
717 4181 791 4226 eoae
813 4161 1032 4242 fragmentum
1055 4181 1095 4224 oe
1117 4159 1219 4236 addit,
1254 4182 1319 4224 non

169 4263 306 4330 librario
329 4265 393 4349 ipsi
412 4266 474 4330 hoo
491 4265 703 4331 tribuendum
720 4270 780 4344 est,
803 4264 959 4349 quoniam
977 4263 1056 4328 alibi
1073 4264 1162 4346 apud
1179 4263 1318 4346 impera·

171 4367 275 4432 tiuum
306 4368 452 4434 eiusdem
480 4368 572 4434 uerbi
596 4389 725 4452 semper
748 4368 1009 4433 coniunctionem
1032 4365 1163 4432 Curtius
1186 4366 1318 4433 omittit.

171 4474 204 4533 et
226 4470 302 4535 VIII
325 4475 353 4550 9,
379 4477 419 4536 24
443 4470 608 4553 (distincto
630 4476 707 4536 suot
729 4492 807 4537 curo
830 4477 860 4536 cl
874 4491 1021 4552 purpura
1043 4468 1198 4552 carbaso),
1227 4477 1318 4554 post·

167 4593 267 4656 quam
289 4579 319 4637 et
341 4575 471 4654 excidit,
491 4594 636 4656 purpura
653 4576 687 4638 in
700 4594 866 4657 purpurea.
880 4574 968 4639 idem
985 4573 1140 4639 librarius
1161 4576 1317 4656 mutauit;
