3068 5152
743 355 783 416 14

275 538 337 603 Sed
367 540 420 604 hic
449 539 597 605 codicum
625 541 720 623 quasi
743 561 920 605 consensus
945 541 1078 624 quidam
1100 542 1204 606 minor
1226 547 1337 607 tamen

187 636 274 705 inter
297 643 321 706 P
345 651 378 707 el
399 642 501 707 Modii
529 642 632 707 libros
660 649 732 708 erat
754 664 852 726 quam
875 644 961 707 inter
983 643 1098 709 horum
1122 644 1336 729 archetypum

188 743 331 809 codicem
355 750 389 809 et
410 744 445 809 P.
490 745 581 811 uelut

273 846 338 910 IIII
362 851 390 926 3,
421 854 470 927 24,
505 848 563 913 ubi
591 869 650 930 pro
681 848 842 930 efficacior
865 850 952 913 omui
973 855 1039 914 crte
1060 851 1233 915 necessitas
1254 853 1287 916 in
1311 851 1335 915 P

88 953 90 957 ’
189 959 262 1017 erat
287 957 301 1014 1
327 974 368 1015 m.
393 951 534 1032 efficacis
566 954 692 1017 romcuc'
720 959 788 1016 crte
809 973 851 1030 u,
886 973 972 1017 nuno
996 957 1015 1016 2
1039 975 1079 1016 m.
1104 959 1154 1017 est
1177 953 1337 1035 efficacior

189 1073 239 1118 om
265 1055 301 1118 uc'
328 1061 395 1119 urle
422 1076 463 1134 u,
498 1054 585 1118 idem
616 1055 767 1119 mendum
790 1055 823 1119 in
847 1053 903 1118 illo
928 1056 1105 1138 archetypo
1128 1055 1212 1120 libro
1235 1056 1336 1121 fuisse

189 1178 321 1221 necesse
352 1161 413 1222 est.
458 1179 533 1221 nam
566 1164 701 1240 propter
734 1157 796 1223 hcc
830 1158 946 1223 uitium
982 1159 1133 1222 nimirum
1166 1159 1199 1222 iu
1229 1157 1335 1238 Sigeb.

189 1265 261 1325 erat
282 1260 373 1324 incus
397 1265 479 1338 urta*
496 1262 528 1324 in
553 1247 663 1325 Colcn.
687 1266 721 1325 et
743 1262 829 1325 omui
851 1268 884 1326 et
906 1267 973 1326 crte
996 1260 1240 1327 omittebantur.

273 1361 300 1426 V
326 1368 352 1441 1,
379 1367 415 1426 13
450 1361 475 1426 Ρ
502 1368 572 1427 lm.
595 1364 699 1429 stadie
727 1384 836 1429 meuse
864 1370 939 1429 suut
960 1387 1019 1449 pro
1042 1363 1148 1429 stadio
1170 1364 1288 1428 emensi
1309 1385 1335 1428 s.

189 1465 263 1530 inde
287 1466 415 1531 codices
438 1465 540 1531 Modii
562 1468 670 1532 studio
691 1467 792 1531 mensi
812 1473 895 1532 suut.

274 1568 317 1638 VJ
341 1573 369 1648 5,
394 1573 433 1632 25
452 1591 567 1634 uerum
586 1577 636 1636 est
653 1567 792 1635 ddccudc'
809 1571 891 1651 εἰπε,
916 1570 1011 1636 sedP
1028 1571 1147 1636 uitiose
1170 1572 1228 1648 eis,
1251 1569 1337 1633 unde

189 1672 398 1737 membranae
420 1672 524 1738 Modii
547 1694 610 1738 ecc.

275 1775 320 1839 VI
345 1779 392 1855 10,
417 1779 435 1838 3
458 1775 483 1838 P
504 1790 529 1840 a
548 1777 651 1859 scylla
673 1797 749 1842 uero
772 1775 902 1841 liberari
924 1775 1049 1841 absente
1066 1789 1091 1839 n
1099 1795 1241 1856 possum,
1266 1776 1338 1857 quic

185 1884 354 1957 praesente
377 1881 548 1944 damnatus
569 1899 640 1944 sum
662 1901 721 1964 pro
744 1901 807 1944 ocu
829 1880 954 1961 coquito
971 1899 1055 1956 usuc,
1079 1877 1211 1943 libcrari
1227 1877 1265 1942 ab
1282 1877 1336 1941 ab·

188 1987 274 2045 scuto
302 2002 367 2046 nou
391 2002 522 2064 possum
551 1984 625 2065 quia
653 1989 729 2047 cett.
774 1988 809 2046 ab
837 1981 970 2046 membr.
993 1980 1079 2046 Mod.
1102 1980 1228 2046 namsi
1255 1981 1338 2061 coya}

192 2089 305 2163 lcuero,
329 2083 461 2150 liberari
483 2084 609 2151 obsculo
630 2085 687 2150 illo
710 2106 774 2149 scu
792 2105 932 2165 possum,
958 2104 1017 2165 quo
1041 2090 1116 2149 cett.

279 2188 368 2252 VIIII
390 2193 419 2266 4,
451 2189 538 2252 23Ρ
567 2193 721 2271 aequaret.
757 2191 857 2253 ceteri
890 2188 957 2251 fere
992 2192 1205 2270 cessurosque.
1251 2186 1336 2250 Mod.

190 2289 265 2355 Not.
289 2315 320 2374 p.
348 2295 405 2354 165
432 2292 710 2357 ‘membranacul
732 2285 886 2373 aequaret,
910 2291 1017 2355 minus
1040 2290 1143 2355 bene'

320 2398 348 2473 3,
373 2399 392 2457 8
421 2394 483 2459 Pl
517 2417 557 2458 m.
602 2392 868 2459 rescrebrcbolur.
913 2393 976 2458 hac
999 2414 1038 2457 ex
1061 2394 1224 2475 scriptura
1246 2389 1340 2455 fluxit

191 2504 224 2561 et
258 2496 324 2561 Col.
358 2496 574 2562 recorderetur
607 2504 640 2562 eb
673 2497 779 2578 Sigeb.
813 2496 1038 2561 uerberubulur
1071 2501 1105 2560 ct
1137 2495 1337 2577 reliquorum

188 2601 397 2665 reuerebclur.
506 2605 508 2609 '

275 2704 304 2768 X
327 2708 355 2782 5,
379 2704 445 2768 91>
469 2705 669 2784 oplisss'ucum
692 2725 751 2786 pro
775 2703 943 2784 optimum
973 2702 1031 2767 sed
1053 2701 1140 2766 Mod.
1164 2699 1258 2766 codd.
1282 2721 1336 2781 up·

190 2806 357 2871 tissimum.
425 2843 426 2847 =

319 2915 347 2989 6,
372 2915 390 2974 8
413 2909 439 2974 Ρ
461 2911 518 2974 lucc
539 2912 591 2975 lue
614 2911 774 2976 distracta
796 2929 878 2974 uoce
903 2931 962 2993 pro
985 2909 1102 2973 hocine.
1138 2907 1231 2973 codd.
1250 2905 1336 2972 Mod.

191 3034 266 3077 cum
287 3014 453 3097 plerisque
477 3015 596 3078 ceteris
619 3015 677 3078 boc
699 3034 755 3078 me.
930 3010 934 3017 ’
1070 3003 1072 3009 ’

276 3115 366 3180 Haec
396 3119 505 3181 omnia
534 3117 719 3195 ostendunt,
754 3115 856 3179 libros
880 3114 981 3179 Modii
1008 3112 1184 3192 interdum,
1218 3113 1275 3178 ubi
1306 3113 1338 3175 in

191 3221 313 3301 optimo
348 3219 458 3284 codice
490 3241 570 3284 uera
598 3220 762 3303 scriptura
790 3207 945 3300 corrupta
979 3218 1030 3297 sil,
1065 3218 1174 3300 paullo
1208 3216 1338 3299 longius

191 3322 389 3405 etiaminde
413 3321 588 3387 discedere.
635 3322 769 3402 grauius
793 3321 893 3386 etiam
914 3320 1139 3403 interpolatos,
1167 3320 1224 3384 ubi
1247 3319 1338 3383 nulla

191 3426 225 3490 in
248 3425 272 3489 P
295 3425 404 3491 subsit
427 3425 553 3503 menda,
587 3445 652 3489 nou
685 3444 761 3488 raro
790 3423 945 3504 reperias.
990 3422 1081 3487 uelut
1103 3422 1153 3487 ΙΙΙ
1177 3427 1204 3502 7,
1228 3427 1246 3485 2
1270 3421 1336 3486 Col.

192 3530 283 3592 cuius
299 3526 484 3610 potestibus
507 3526 660 3608 apolon,
683 3547 755 3591 cum
779 3526 823 3603 id,
847 3525 933 3608 quod
957 3547 1072 3590 uerum
1095 3532 1155 3608 est,
1179 3527 1211 3589 in
1235 3525 1338 3589 omni·

190 3631 251 3695 bus
277 3633 394 3697 ceteris
417 3630 587 3695 codicibus
616 3631 672 3694 sib:
708 3631 807 3707 ccicc,
842 3627 968 3694 scilicet
1000 3629 1102 3705 urbis,
1129 3628 1269 3709 politum
1305 3635 1338 3691 et

192 3733 283 3798 VIIII
307 3740 336 3811 9,
363 3738 409 3811 16,
434 3734 490 3797 ubi
514 3755 594 3799 uera
617 3735 781 3817 scriptura
804 3738 868 3797 est:
893 3753 964 3814 cryc
987 3732 1105 3796 conlidi
1128 3733 1209 3796 iuter
1231 3751 1263 3794 sc
1283 3730 1336 3794 cb-

190 3839 385 3919 stcryers'quc
422 3837 559 3901 inuicem
596 3839 682 3916 remi,
720 3836 854 3900 membr.
878 3835 964 3900 Mod.
999 3857 1057 3918 pro
1091 3837 1215 3899 rariore
1257 3854 1338 3898 uoce

191 3943 362 4023 abstersere
384 3940 552 4005 habebant
574 3939 718 4020 iussioni.
765 3939 832 4018 sed,
866 3960 907 4003 ne
938 3939 1048 4004 mullis
1070 3960 1187 4016 morer,
1223 3959 1262 4002 ex
1286 3937 1337 4000 his

190 4044 418 4109 Modiauorum
443 4043 591 4108 codicum
616 4063 689 4107 cum
713 4042 861 4106 Parisino
884 4041 1151 4107 similitudinibus
1174 4039 1338 4105 dissimili-

190 4147 425 4227 tudinibusquc
449 4145 512 4210 duo
536 4147 601 4210 iam
624 4145 732 4226 colligi
755 4166 852 4226 posse
875 4145 1037 4227 uidentur
1084 4144 1223 4227 primum
1252 4145 1338 4225 ipso-

190 4273 259 4315 rum
284 4250 432 4315 codicum
456 4269 556 4330 genus
580 4249 711 4312 omnino
736 4247 905 4330 aliquanto
930 4269 1027 4330 quam
1047 4247 1071 4310 P
1089 4245 1225 4311 inferius
1252 4267 1338 4325 esse3

191 4353 308 4417 deindo
347 4351 560 4433 archetypum
599 4371 712 4415 eorum
746 4350 863 4413 librum
898 4349 980 4413 adeo
1014 4371 1085 4413 cum
1118 4349 1143 4412 P
1177 4350 1210 4412 in
1245 4348 1338 4411 bonis

191 4455 362 4537 scripturis
386 4453 564 4537 prauisque
588 4454 788 4535 congruisse,
813 4459 850 4514 ut
871 4473 957 4516 nunc
973 4459 1048 4535 post
1064 4452 1235 4517 inuentum
1248 4451 1338 4514 Pari-

191 4559 297 4620 sinum
321 4579 359 4620 eo
383 4555 450 4620 fere
474 4576 584 4620 carcre
606 4556 778 4638 possimus.
814 4557 884 4639 ipse
902 4562 1012 4618 aulem
1026 4554 1050 4616 P
1064 4553 1336 4637 quemadmodum
