3068 5152
751 363 790 423 39

323 548 370 622 ll,
396 550 434 608 13
457 567 512 610 uec
534 566 718 629 quemquam
741 547 839 611 uliuru
861 549 943 611 iuter
965 547 1087 613 Istrum
1110 555 1139 614 et
1154 549 1342 629 Euphraten

183 646 367 726 possedisse
400 653 502 713 terras
536 647 582 728 (id
612 655 670 726 661,
706 655 813 714 terras
844 651 930 715 inter
952 651 1072 716 Istrum
1097 659 1130 717 et
1151 652 1342 735 Euphraten

175 751 316 832 vpositas
339 750 440 832 poss)
464 752 586 832 iupeuti
607 753 710 832 spatio
732 752 960 834 iuterrrelloque
984 753 1147 832 discretos,
1171 757 1342 838 inquibus

191 852 345 917 discretos
368 875 427 936 pro
451 854 629 918 ‘discretas'
652 856 763 938 posui;
798 876 875 919 nam
897 854 1032 920 fiumina
1055 856 1122 934 illa,
1146 879 1210 923 non
1233 866 1342 924 terrae

192 975 310 1037 magno
344 956 516 1022 interiecto
550 958 657 1040 spatio
691 957 932 1039 disiunguntur.
1000 960 1149 1042 sequitur
1183 961 1216 1024 in
1249 960 1274 1024 P
1308 969 1342 1026 et

192 1058 389 1123 membranis
408 1058 509 1124 Modii
527 1057 778 1125 Coloniensibus
797 1057 1019 1126 Macedonium
1035 1063 1146 1142 potius
1164 1063 1342 1143 respiceret,

192 1180 285 1249 66666
301 1160 422 1251 Bactra
445 1168 475 1227 et
490 1161 591 1228 ludos
613 1168 800 1245 sequeretur.
835 1164 868 1227 in
891 1165 1008 1227 ceteris
1032 1165 1199 1230 codicibus
1221 1185 1342 1248 qrropree

192 1270 267 1328 ante
283 1265 397 1344 potiris
420 1273 485 1344 est3
509 1266 566 1330 661
589 1268 622 1330 11
640 1267 733 1330 breui
756 1265 907 1331 addendo
927 1269 1107 1344 enuntiato,
1132 1267 1219 1350 quod
1237 1274 1342 1333 totam

192 1368 373 1431 orationem
404 1367 580 1432 absoluens
603 1370 797 1432 sententiam
821 1370 923 1433 totius
947 1370 1059 1452 paucis
1084 1370 1217 1451 colligit,
1247 1392 1341 1455 asyn-

192 1469 267 1534 1616
292 1492 350 1534 166
374 1492 504 1555 quoque
528 1492 614 1535 nuuc
637 1471 776 1535 libenter
799 1473 931 1537 utimur.

324 1578 371 1650 ll,
399 1577 435 1637 19
471 1576 518 1655 (11
553 1575 701 1639 oratione
741 1574 884 1657 quadam
916 1574 1107 1653 Alexandri)
1141 1595 1213 1658 erpo
1247 1577 1341 1658 dotis,

192 1696 285 1756 quoru
301 1677 474 1756 promitit,
499 1679 667 1741 terruiuuru
690 1682 793 1741 costra
814 1697 883 1741 uec
905 1682 1078 1742 trouseuut.
1113 1686 1189 1743 ante
1212 1699 1285 1761 erpo
1307 1681 1341 1745 in

193 1779 355 1863 plerisque
372 1778 465 1844 libris
485 1780 687 1845 ‘liberalitati
705 1780 874 1844 summum'
895 1787 955 1858 est,
979 1781 1011 1843 11
1028 1780 1053 1844 P
1071 1780 1341 1862 ι11161611611111,

191 1882 277 1946 unde
300 1880 567 1948 liberulissumum
589 1882 685 1947 facile
708 1882 856 1962 efficitur,
881 1882 920 1947 16
944 1903 1010 1967 qua
1027 1883 1176 1966 enallage
1192 1886 1343 1950 attributi

191 2021 232 2029 —
256 2007 330 2048 narn
355 1985 638 2050 ‘liberalissumum
668 1986 754 2050 16116
783 1986 967 2049 terminum’
990 2006 1049 2068 pro
1073 1985 1342 2054 ‘liberalissumae
1464 2064 1466 2068 Α

191 2087 222 2151 d.
247 2088 267 2151 t’
292 2089 412 2152 dieitur
438 2124 473 2133 -
499 2088 538 2153 cf.
561 2088 632 2151 Liu.
656 2089 671 2152 I
697 2093 723 2166 l,
746 2093 766 2152 4
789 2088 840 2152 ‘ad
870 2089 995 2152 maiora
1023 2110 1132 2153 rerum
1162 2090 1277 2169 initia’,
1309 2099 1342 2155 et

192 2213 276 2275 quae
299 2191 352 2255 hic
376 2193 515 2274 proximi
539 2199 748 2256 enarratores
772 2191 961 2256 attulerunt.

323 2294 551 2370 11‚2000dd.
577 2296 682 2358 eudem
706 2292 893 2359 liberalitate
922 2294 979 2358 dot
1005 2295 1084 2358 mihi
1111 2294 1214 2374 filium
1243 2316 1343 2375 suoru

190 2417 299 2476 uempe
327 2417 421 2478 quoue
448 2398 513 2461 seio
537 2397 635 2462 elicui
657 2406 823 2461 seruorum
846 2397 911 2460 eius
933 2401 1111 2476 nupturam.
1156 2398 1343 2470 Alexander

191 2507 268 2591 post
292 2500 438 2565 oblatam
462 2502 492 2564 ei
515 2522 534 2564 a
557 2500 665 2564 Dareo
693 2502 727 2564 11
758 2500 999 2564 matrimonium
1022 2499 1123 2564 filiam
1146 2500 1342 2579 deliberans,
1399 2554 1401 2560 .

191 2609 301 2667 utrum
326 2604 550 2668 condicionem
573 2603 714 2686 accipiat
736 2623 836 2666 16616
860 2638 896 2647 -
925 2623 996 2666 eam
1019 2624 1088 2666 rem
1112 2608 1197 2667 enim
1219 2602 1343 2668 111661-

190 2706 332 2790 pendere
354 2706 489 2787 fingitur
511 2744 552 2752 —
575 2727 640 2770 non
669 2714 778 2789 potest
808 2727 866 2788 pro
901 2713 1068 2789 comperto
1102 2706 1237 2786 habere,
1270 2727 1342 2772 eam

191 2830 286 2874 seruo
310 2809 409 2874 Darei
431 2824 606 2892 nupturam
637 2830 716 2888 6666,
746 2809 842 2892 quasi
870 2809 970 2872 etiam
994 2809 1021 2874 si
1045 2810 1114 2892 ipse
1139 2829 1210 2873 eam
1234 2809 1341 2887 ducat,

190 2913 354 2995 mancipio
384 2913 470 2992 regis
493 2911 669 2977 Persarum
698 2918 841 2994 nuptura
869 2911 922 2975 sit.
968 2910 1050 2975 illud
1085 2910 1221 2990 sciebat,
1255 2910 1341 2976 filias

189 3017 276 3098 regis
305 3015 419 3080 crebro
448 3014 623 3098 praefectis
651 3015 857 3097 satrapisque
886 3014 918 3076 11
949 3014 1191 3078 matrimonium
1216 3014 1288 3079 dari
1312 3021 1346 3080 et

190 3118 276 3184 hane
300 3140 442 3202 quoquc,
466 3119 494 3183 61
516 3119 587 3200 ipse
612 3138 684 3181 eam
707 3117 923 3199 repudiasset,
948 3117 1018 3180 6116
1042 3115 1141 3180 dubio
1164 3115 1226 3180 tali
1248 3138 1344 3181 seruo

191 3221 337 3286 oblatum
380 3222 430 3286 iri.
496 3222 608 3303 itaque
661 3240 735 3284 cum
784 3221 816 3283 11
862 3219 1010 3283 codicum
1055 3220 1218 3301 scriptura
1261 3220 1344 3284 illud

190 3323 436 3408 reprehendam,
461 3325 677 3408 posteriorem
702 3323 900 3388 sententiam
923 3321 993 3385 6116
1028 3321 1218 3387 6611161616
1243 3344 1343 3386 enun-

190 3429 276 3508 tiari,
298 3433 376 3493 ante
399 3427 496 3495 alicui
518 3427 605 3492 addo
629 3426 757 3508 alioqui.

323 3534 371 3608 13,
396 3530 483 3594 ‘th
518 3531 565 3612 (in
596 3531 666 3594 acie
696 3528 784 3612 apud
807 3528 928 3593 Arbela
960 3527 1132 3609 instructa)
1159 3533 1239 3607 post
1270 3528 1344 3593 illos

194 3634 397 3717 Polypercon,
421 3635 487 3698 dom
501 3633 667 3714 puepriui
688 3631 812 3696 militis.
858 3631 953 3695 huius
977 3650 1087 3712 upmeu
1110 3629 1226 3712 (ceteri
1249 3630 1342 3695 codd.

194 3738 234 3802 ‘h.
258 3736 398 3820 agminis
433 3735 609 3818 princeps')
638 3735 795 3818 Ampelos
837 3739 921 3798 erut:
956 3732 1128 3815 Phuliprus
1158 3732 1343 3817 (Zumptius

191 3847 280 3906 reete
294 3839 477 3919 Philippus)
489 3838 623 3905 Balacri
640 3857 693 3902 eos
712 3837 836 3920 repebat
852 3837 886 3899 iu
903 3835 1081 3901 societatem
1099 3856 1199 3917 uuper
1216 3838 1342 3902 ascitos.

191 3945 257 4008 iam
280 3965 381 4008 unum
404 3965 444 4006 ex
466 3941 517 4006 his
540 3939 686 4006 Hedicke
710 3946 742 4004 et
764 3945 841 4022 post
863 3960 937 4003 cum
961 3938 1117 4021 Uogelius
1140 3946 1343 4022 receperunt,

192 4045 326 4113 Baleari
355 4064 416 4123 eos,
451 4065 524 4108 cum
554 4046 587 4108 in
614 4043 749 4126 reliquis
780 4042 846 4107 fere
868 4041 963 4107 libris
987 4043 1144 4124 scriptum
1168 4043 1210 4106 sit
1232 4042 1343 4106 ‘Bara-

190 4148 324 4228 orieos’3
358 4147 438 4211 illud
473 4148 558 4211 enirn
593 4152 718 4212 eertum
751 4145 789 4209 fit
816 4166 856 4208 ex
884 4144 1021 4209 Diodori
1047 4143 1148 4233 Siculi
1174 4144 1264 4229 XVll
1288 4148 1342 4224 57,

193 4253 249 4336 qui
284 4250 423 4316 cundem
457 4248 571 4314 ducem
600 4256 738 4310 φίλιππον
766 4254 812 4310 τὸν
839 4253 984 4328 Βαλάκρου
1018 4248 1174 4312 nominat.
1219 4246 1276 4311 sed
1309 4247 1343 4311 11

194 4354 299 4420 altero
323 4354 422 4417 etiam
451 4352 606 4436 reliquias
635 4352 716 4431 ucri,
750 4371 832 4435 quas
861 4350 955 4432 sequi
985 4349 1169 4427 conueniat,
1203 4350 1344 4414 inueniri

194 4478 290 4541 posse
313 4455 465 4521 arbitror.
510 4477 585 4520 nam
609 4476 681 4519 cum
706 4462 860 4536 corrupta
882 4460 997 4517 essent
1015 4452 1072 4514 illa
1096 4450 1203 4514 ‘huius
1227 4470 1343 4532 agmen

191 4560 347 4644 Amyntas
365 4560 454 4639 erat',
473 4569 656 4625 ceterorum
674 4557 823 4623 codicum
841 4577 1011 4635 conamen,
1034 4562 1073 4620 ut
1095 4562 1205 4618 cetera
1227 4575 1340 4621 eorum
