3068 5152
743 343 782 403 32

189 526 308 606 sertur3
333 526 425 591 uelut
448 549 474 592 o.
499 529 527 604 2,
558 532 575 590 7
601 534 686 591 erat:
716 528 800 592 ‘aere
823 533 879 592 aut
905 525 991 591 ferro
1016 525 1180 609 praefixae
1205 527 1347 595 hastae’.

189 631 302 711 itaque
326 629 430 694 eiecto
453 636 490 693 ut
513 629 624 710 glossa
652 630 754 695 uerbo
779 627 927 712 ‘spiculo’
958 628 1166 694 scribendum
1194 631 1348 696 uidetur:

188 732 298 796 bosius
343 737 471 814 aspecto
510 737 691 810 exornatae,
732 751 809 797 otoo
835 728 1000 811 praefixos
1039 752 1068 813 p.
1126 732 1183 814 (an
1222 734 1348 814 spiculo

189 854 283 900 aureo
304 855 335 914 p.
358 835 387 911 ‘?)

319 941 347 1014 3,
379 942 419 1001 23
453 935 675 1019 recipiendum
710 957 750 1000 ex
782 934 807 998 P
842 935 1011 1000 edocebunt
1043 957 1102 1018 pro
1127 936 1345 1019 educabant,

191 1038 464 1125 quemadmodum
496 1059 522 1103 o,
560 1043 608 1116 12,
647 1043 684 1102 16
717 1039 784 1102 iam
819 1044 869 1102 est
893 1036 1127 1120 ‘Hephaestion
1163 1059 1235 1103 cum
1269 1040 1347 1123 ipso

190 1143 315 1226 pariter
337 1140 498 1221 eductus’;
532 1140 572 1205 of.
596 1141 696 1205 Fabri
720 1141 763 1205 ad
789 1141 859 1205 Liu.
885 1138 962 1203 XXI
990 1144 1040 1220 43,
1073 1145 1119 1205 15.
1166 1142 1212 1205 sic
1241 1142 1346 1208 etiam

190 1244 263 1310 edd.
286 1244 390 1309 Aldus
413 1251 447 1309 et
470 1244 628 1326 Raderus,
653 1250 687 1309 et
708 1243 838 1308 Modius
861 1244 895 1307 in
917 1242 991 1307 Not.
1016 1265 1046 1325 p.
1074 1248 1120 1308 14.

320 1351 348 1424 6,
373 1351 390 1410 6
415 1347 510 1412 codd.
555 1352 587 1411 ut
608 1347 712 1413 satius
740 1352 787 1410 est
808 1345 912 1411 alieno
934 1366 983 1410 me
1004 1347 1086 1410 mori
1111 1347 1225 1412 scelere
1247 1367 1346 1429 quom

189 1456 275 1516 metu
301 1456 419 1515 nostro.
470 1450 559 1514 intra
587 1450 699 1514 breuis
728 1449 890 1514 enuntiati
920 1450 1062 1531 spatium
1096 1449 1134 1514 de
1166 1450 1279 1515 eodem
1313 1458 1347 1516 et

190 1554 365 1637 singularis
389 1572 543 1617 numerus
566 1557 670 1617 meet
693 1551 832 1634 pluralis
856 1552 1017 1636 usurpati,
1045 1572 1118 1616 cum
1141 1559 1198 1617 aut
1221 1573 1279 1617 nos
1302 1589 1348 1599 —

190 1663 300 1723 nostro
324 1660 383 1721 aut
405 1676 454 1719 me
475 1689 514 1707 -η
540 1675 607 1722 meo
625 1661 844 1738 exspectetur,
870 1652 1080 1719 offensionem
1098 1653 1187 1719 haud
1204 1677 1346 1738 paruam

190 1760 331 1838 habent3
361 1758 431 1822 ueri
455 1758 560 1822 simile
590 1759 691 1838 igitur
714 1764 774 1834 est,
797 1778 846 1822 me
869 1757 1044 1822 delendum
1066 1778 1146 1822 esse.
1173 1791 1210 1804 -
1237 1759 1346 1824 eiusd.

191 1883 261 1945 cap.
286 1861 303 1945 ἓ
330 1865 368 1926 12
392 1861 485 1926 codd.
531 1867 561 1925 et
587 1881 672 1925 nuuc
702 1861 798 1939 crede,
827 1880 875 1924 me
897 1880 961 1925 uon
989 1861 1095 1925 minus
1110 1881 1174 1941 pro
1204 1866 1257 1925 tuo
1280 1859 1346 1941 fide

190 1987 286 2048 quum
311 1985 374 2046 pro
403 1983 472 2028 mea
501 1964 601 2030 salute
635 1983 704 2028 csse
731 1963 911 2028 sollicitum.
958 1964 992 2027 in
1016 1963 1245 2028 adhortatione
1269 1984 1347 2028 oum

190 2069 296 2134 ironia
329 2067 419 2132 facta
453 2070 497 2148 (et
524 2087 608 2132 nunc
636 2064 738 2147 crede)
773 2064 914 2132 formula
941 2066 1018 2130 huic
1051 2066 1205 2130 solemnis
1240 2087 1346 2149 parua

190 2172 397 2237 correctione
430 2171 562 2235 restitui
591 2171 723 2252 poterit,
765 2171 793 2234 si
827 2169 989 2234 scribetur
1022 2169 1035 2232 i
1063 2188 1146 2234 nuuc
1180 2175 1211 2234 et
1242 2170 1344 2234 crede.

189 2273 354 2352 uidelicet,
378 2294 450 2338 oum
473 2279 550 2357 post
572 2270 635 2336 bibi
657 2271 831 2339 excidisset
852 2272 874 2351 i,
904 2272 970 2336 iam
999 2293 1121 2355 prauus
1151 2272 1232 2336 ordo
1260 2292 1346 2337 otene

189 2382 222 2440 et
242 2377 334 2441 credo
357 2375 636 2458 interpolatorem,
660 2382 697 2440 ut
719 2374 767 2454 fit,
791 2374 999 2459 proprediem
1022 2374 1143 2440 allexit.

275 2479 397 2544 Notum
425 2484 475 2543 est
505 2476 750 2560 dittographiae
773 2499 884 2561 genus,
914 2478 1003 2561 quod
1026 2485 1097 2541 tum
1120 2478 1257 2557 exsistit,
1285 2478 1344 2543 ubi

190 2581 345 2646 librarius
374 2582 479 2664 primo
509 2587 580 2646 toto
603 2601 700 2646 uersu
729 2581 849 2646 omisso
879 2583 1046 2663 sequentis
1076 2602 1175 2645 unum
1204 2579 1344 2663 piuraue

190 2684 292 2748 uerba
327 2685 474 2767 scripsit,
509 2681 625 2747 deinde
662 2704 773 2748 errore
807 2685 1039 2749 animaduerso
1074 2684 1345 2765 praetermissum

98 2870 100 2876 Ι
190 2807 322 2852 uersum
350 2787 471 2870 repetit
500 2794 600 2870 atque
631 2787 741 2851 omnia
769 2808 854 2852 nunc
883 2786 996 2852 ordine
1026 2787 1246 2870 persequitur,
1277 2808 1343 2869 qno

189 2888 235 2967 fit,
270 2895 307 2954 ut
335 2889 417 2955 illud
446 2911 564 2954 uersus
595 2890 725 2955 initium
753 2891 818 2954 iam
847 2890 922 2954 inde
952 2890 1002 2954 bis
1032 2891 1065 2954 in
1095 2889 1264 2954 codicibus
1292 2891 1342 2954 in-

190 2992 350 3073 ueniatur,
382 2994 522 3076 primum
550 2994 584 3056 in
614 2991 720 3057 alieno
750 3014 858 3072 uersu,
889 2993 975 3057 unde
1005 2992 1193 3068 tollendum,
1224 2992 1342 3057 deinde

189 3094 361 3159 interiecto
384 3097 480 3161 unius
503 3115 619 3160 uersus
644 3097 751 3178 spatio
775 3117 834 3159 suo
858 3095 939 3160 loco.
981 3095 1079 3159 huius
1101 3096 1229 3177 generis
1254 3117 1343 3161 men-

190 3195 279 3276 dum,
306 3203 484 3280 postquam
512 3199 579 3262 ium
613 3197 773 3262 nonnulla
801 3199 889 3280 apud
919 3196 1068 3262 Curtium
1096 3197 1137 3261 ab
1168 3198 1241 3262 aliis
1271 3218 1342 3263 cor-

189 3305 281 3363 recta
304 3304 390 3378 sunt,
414 3301 539 3365 residet
561 3300 669 3380 etiam,
693 3307 730 3365 nt
754 3301 877 3383 opinor,
900 3299 958 3379 III,
986 3304 1033 3380 ll,
1057 3305 1093 3380 43
1116 3300 1172 3364 ubi
1195 3301 1227 3364 in
1247 3301 1340 3365 codd.

188 3402 238 3464 ita
261 3407 324 3466 est:
348 3401 484 3500 conflent
503 3407 531 3466 et
552 3403 645 3489 quusi
659 3403 858 3468 cobumeutes
881 3404 940 3469 telo
957 3401 1084 3467 uibrare
1100 3408 1338 3484 competerent,

188 3503 288 3568 simul
321 3510 411 3569 erunt
445 3507 573 3585 emisso,
614 3509 648 3568 iu
681 3507 806 3570 eosdem
846 3506 1065 3572 concurrentia
1098 3504 1343 3586 implicabantur

187 3605 315 3688 leuique
342 3611 373 3670 ei
399 3628 482 3674 uano
509 3608 575 3673 ictu
596 3629 702 3690 pauca
729 3609 765 3672 iu
793 3610 921 3687 bostem,
945 3609 1045 3690 pluro
1072 3611 1107 3673 iu
1135 3609 1262 3672 humum
1290 3610 1341 3673 iu-

190 3709 288 3774 uoxt'o
310 3708 470 3775 cadebant.
501 3719 536 3777 at
558 3731 623 3776 non
647 3713 757 3780 omnia
779 3713 847 3778 tels
868 3713 903 3776 in
927 3712 1060 3777 eosdem
1084 3712 1340 3788 coniciebantur,

189 3819 224 3876 et
247 3812 274 3875 si
297 3833 363 3894 qua
384 3811 469 3878 forte
493 3813 606 3878 eodem
626 3815 759 3879 derecta
782 3822 898 3895 essent,
925 3835 964 3880 ea
987 3816 1094 3878 minus
1117 3815 1217 3879 etiam
1239 3815 1340 3879 inter-

187 3914 262 3997 cipi,
294 3934 393 3995 quam
416 3936 500 3998 quae
523 3916 654 3981 diuersa
684 3916 831 3982 uolantia
852 3919 885 3982 in
909 3939 984 3982 aere
1015 3918 1100 3982 inter
1123 3938 1157 3982 se
1181 3917 1340 3982 occurris·

189 4021 271 4093 sent,
294 4036 427 4083 necesse
451 4025 530 4084 erat.
577 4018 679 4085 deleri
701 4020 802 4102 igitur
831 4041 947 4086 censeo
971 4021 1073 4085 uerba
1099 4021 1133 4084 iu
1156 4021 1280 4084 eosdem
1302 4026 1340 4083 ut

188 4140 228 4184 ex
250 4120 343 4185 initio
368 4120 445 4185 olim
467 4123 634 4204 sequentis
658 4142 772 4186 uersus
796 4129 877 4202 orta,
909 4122 1058 4205 paullum
1081 4128 1197 4206 postea
1225 4143 1339 4188 sensus

187 4241 290 4287 causa
323 4223 562 4306 interpolatore
596 4231 752 4289 mutante.
809 4225 961 4315 similiter
995 4225 1055 4289 VII
1090 4229 1125 4304 6,
1158 4231 1200 4289 -14
1235 4242 1339 4309 nuper

188 4322 316 4407 Uogelii
344 4346 445 4409 opera
475 4327 614 4392 eiectum
645 4332 696 4391 est
726 4327 865 4392 uerbum
897 4327 1098 4392 ‘coercendo'
1123 4349 1162 4393 ex
1188 4329 1339 4411 sequenti

186 4427 420 4493 ‘coercendam’
444 4434 567 4493 natum.
