3068 5152
721 355 760 416 95

257 527 259 531 ’
295 545 320 618 1,
346 543 364 601 2
388 538 413 601 P
436 537 525 601 Leid.
554 543 566 601 1
593 538 684 604 Uoss.
711 544 725 602 1
750 560 807 604 nec
829 544 874 603 tot
894 540 1045 621 facinora,
1073 545 1149 622 quot
1181 541 1314 604 admise-

164 648 244 719 rant,
269 661 470 721 aasumensare
482 646 613 721 poterat
627 642 730 707 caedis
745 662 902 722 perquam
920 648 1030 724 arctoe
1045 643 1114 724 reyi
1130 642 1328 708 ministerio.-

165 745 268 809 ceteri
292 744 334 808 ad
357 734 595 808 emendandum
619 746 725 809 locum
753 781 795 790 —
824 752 857 810 ot
880 745 1003 828 aliquid
1032 754 1159 810 mutare
1183 767 1316 812 neccsse

165 849 226 910 erit
244 846 476 929 —fpoterant’
500 846 657 911 scribunt.
693 848 759 912 alia
782 849 882 912 etiam
905 869 969 912 non
992 849 1114 912 maiore
1136 851 1316 914 mutatione

165 957 255 1015 recte
274 949 437 1014 sententia
454 955 610 1028 struatur,
631 952 658 1014 si
670 950 820 1033 ‘poterat’
837 957 966 1014 retento
978 951 1194 1019 ministeriam
1214 953 1316 1035 scrip-

167 1055 256 1118 seris.
302 1052 414 1116 uerius
438 1053 548 1130 etiarn,
572 1054 606 1115 ni
629 1053 756 1116 animus
779 1066 831 1116 me
853 1052 951 1131 fallit,
974 1055 1024 1117 sic
1048 1055 1124 1133 erit3
1148 1075 1209 1119 nos
1228 1063 1315 1119 certe

166 1156 263 1221 hodie
286 1154 344 1218 illa
366 1155 462 1234 quasi
479 1155 657 1238 -personali
686 1162 851 1220 structura
874 1155 1111 1239 (compensare
1140 1157 1315 1239 poterant’)

166 1259 277 1342 potius
307 1258 440 1334 utimur,
473 1258 500 1321 si
531 1257 574 1335 id,
606 1279 670 1342 quo
699 1258 825 1322 facinus
857 1265 1123 1341 compensaturos
1151 1281 1216 1323 non
1245 1281 1316 1324 esse

167 1381 344 1444 speramus,
366 1359 510 1424 nondum
528 1360 652 1425 factum
671 1373 729 1425 est.
763 1362 856 1442 atqui
875 1362 992 1425 caedes
1009 1361 1233 1426 Parmenionis
1251 1364 1317 1426 iam

104 1513 107 1523 .
167 1471 242 1545 ante
266 1463 376 1546 plures
400 1482 503 1527 annos
527 1470 716 1546 perpetrata
739 1469 820 1528 erat.

297 1570 322 1645 1,
347 1570 385 1628 14
407 1564 432 1627 Ρ
442 1565 598 1646 palmitis,
622 1566 707 1630 unde
721 1565 873 1646 palmetis
898 1567 967 1630 sine
987 1566 1084 1630 dubio
1098 1566 1315 1647 efficiendum,

168 1668 441 1752 quemadmodum
480 1669 544 1733 iam
585 1672 619 1733 in
660 1669 822 1735 Modianis
862 1668 1029 1734 codicibus
1071 1677 1151 1734 erat.
1216 1672 1316 1735 ceteri

167 1772 314 1857 ‘palmis'.

297 1884 321 1953 1,
349 1879 385 1938 15
404 1874 498 1938 codd.
535 1874 713 1938 adiciebant
732 1873 917 1955 (Nearchus
940 1881 973 1938 et
991 1874 1208 1957 Onesicritus)
1227 1876 1316 1940 nani·

164 1980 227 2061 aia,
261 1999 339 2061 qnae
374 1977 457 2042 tinas
485 1983 734 2056 mercatoresque
760 1976 933 2053 uenissent,
964 1976 1082 2056 farnurn
1110 1979 1180 2043 anri
1201 1979 1316 2042 secatis

164 2079 422 2165 andernatoribns
443 2082 478 2144 in
500 2080 643 2144 insntarn
661 2068 739 2143 'esse
770 2080 956 2143 transmissu
986 2100 1042 2144 neo
1070 2081 1182 2144 deinde
1209 2080 1247 2144 ab
1275 2082 1316 2144 iis

159 2191 273 2266 postea
306 2185 387 2248 nisa.
444 2184 651 2249 scribendum
687 2181 912 2260 transmisisse,
947 2185 995 2247 ita
1029 2190 1065 2247 ut
1100 2184 1197 2249 simul
1226 2183 1316 2248 ‘esse'

166 2288 325 2352 deleatur.
370 2287 462 2350 cuius
491 2287 728 2351 emendationis
758 2306 858 2349 causa
887 2286 990 2349 omnis
1019 2287 1053 2349 in
1084 2286 1316 2351 consuetudine

168 2392 323 2455 sermonis
359 2390 469 2478 posita
502 2397 561 2453 est.
607 2411 681 2453 nam
712 2389 740 2453 si
769 2389 881 2452 ‘naues
905 2382 1015 2471 aliquo
1039 2389 1317 2453 transmittuntur’

168 2493 313 2571 dicimus
350 2491 624 2573 quomadmodum
658 2492 773 2556 crebro
808 2512 1015 2574 usurpamus
1049 2494 1216 2574 passiuam
1250 2493 1317 2556 uim

166 2596 298 2678 passius
331 2596 424 2660 uerbi
458 2595 563 2659 forma
598 2616 726 2678 semper
759 2597 880 2659 retinet
913 2616 1017 2676 neque
1047 2596 1220 2660 medialem
1250 2597 1316 2660 uim
1387 2671 1388 2674 Ἴ

84 2756 88 2762 .
166 2718 320 2779 umquam
344 2699 452 2762 sumit.
488 2698 621 2780 nauigia
643 2699 744 2780 igitur
767 2698 808 2762 ab
832 2719 880 2775 eo,
904 2720 1002 2780 penes
1026 2720 1120 2780 quem
1144 2699 1316 2782 imperium

166 2801 278 2865 classis
303 2807 361 2875 est,
386 2801 539 2883 quopiam
562 2802 847 2880 transmittuntur3
872 2822 955 2883 quae
979 2822 1052 2864 oum
1075 2801 1137 2865 hoc
1160 2800 1232 2865 loco
1257 2823 1317 2865 sua

165 2902 218 2969 uel
238 2905 349 2986 potius
372 2903 600 2984 nauigantium
623 2909 739 2985 sponte
763 2903 909 2966 inillam
938 2904 1080 2967 insulam
1103 2905 1202 2967 maris
1225 2903 1316 2967 rubri

165 3012 261 3070 uecta
284 3027 354 3070 esse
378 3005 539 3084 dicantur,
564 3005 815 3082 transmisisse,
844 3011 882 3069 ut
905 3005 981 3093 dixi,
1007 3006 1223 3070 scribendum.
1268 3008 1316 3070 ita

166 3110 251 3173 enim
287 3108 497 3173 ‘transmitto’
536 3107 705 3173 intellecto
740 3109 929 3190 pronomine
968 3107 1123 3173 reflexiuo
1166 3109 1317 3173 absolute

166 3233 263 3295 saepe
287 3220 472 3294 usurpatur.
519 3219 625 3275 ortum
650 3218 758 3275 autem
781 3211 934 3275 mendum
958 3233 997 3275 ex
1026 3212 1145 3277 uitiose
1168 3233 1188 3276 a
1211 3213 1319 3277 scriba

167 3321 320 3397 correpta
333 3336 411 3379 uoce
425 3313 675 3395 (transmisse).
712 3313 751 3377 de
765 3335 825 3377 usu
837 3314 930 3379 uerbi
944 3313 993 3391 oi,
1014 3316 1042 3377 si
1062 3317 1148 3379 tanti
1167 3322 1227 3393 est,
1246 3315 1317 3380 Liu.

165 3415 349 3481 XXXXIHI
373 3422 422 3495 28,
453 3422 471 3481 1
502 3418 597 3481 ‘unde
621 3415 749 3498 (naues)
779 3419 1006 3481 transmittere
1035 3418 1068 3481 in
1092 3418 1316 3482 Macedoniam

165 3520 320 3603 possent’.

296 3627 321 3701 1,
348 3625 386 3685 19
411 3621 502 3685 editt.
526 3623 624 3703 iyitnr
648 3621 894 3701 Mesopotamiae
916 3622 1117 3701 praetoribus
1140 3623 1316 3702 inperauit,

164 3724 298 3790 materia
330 3725 364 3788 in
397 3724 517 3789 Libano
551 3730 654 3788 monte
681 3744 769 3789 caesa
799 3725 985 3806 deiectoque
1013 3727 1054 3790 od
1076 3725 1184 3789 orbern
1208 3723 1318 3808 Quian

166 3829 369 3910 disaisiscant,
393 3828 663 3909 sentinyentarnrn
687 3828 749 3907 (ite
760 3827 930 3909 Zumptius
942 3848 1002 3911 pro
1015 3828 1109 3892 codd.
1129 3828 1317 3910 ‘thapsagas

165 3938 198 3996 et
220 3930 517 4014 ingenterumque’)
536 3931 805 3996 carinasnaninrn
820 3950 949 4010 ponae.
973 3930 1152 3995 haec-nunc
1165 3931 1317 4008 editores

164 4035 197 4097 in
221 4056 286 4117 qua
310 4035 473 4117 scriptura
496 4054 567 4097 cum
591 4055 692 4097 unum
716 4053 816 4115 graue
840 4032 993 4096 mendum
1015 4053 1035 4095 a
1054 4032 1204 4115 Zumptio
1228 4040 1317 4096 recte

165 4137 331 4202 sublatum
355 4157 425 4200 esse
448 4135 611 4216 uideatur,
640 4137 790 4213 alterum,
820 4136 897 4218 quia
920 4135 1002 4198 haec
1025 4140 1190 4199 structura
1214 4116 1335 4217 ‘prae-⁸

164 4240 291 4305 toribus
314 4238 491 4321 imperauit
513 4273 554 4283 —
578 4240 707 4304 carinas
732 4237 861 4321 ponere'
885 4237 1057 4319 retinetur,
1081 4237 1190 4301 adhuc
1212 4258 1317 4301 rema-

164 4347 230 4405 net.
271 4363 347 4406 nam
371 4342 448 4407 talis
472 4343 636 4407 actiuus
659 4341 842 4405 infinitiuus
866 4340 955 4424 apud
978 4340 1160 4423 imperandi
1182 4339 1318 4404 uerbum

164 4443 206 4508 ab
229 4465 291 4509 usu
313 4446 473 4510 sermonis
497 4444 663 4526 abhorret,
688 4450 721 4508 et
743 4465 808 4527 quo
832 4444 941 4507 minus
964 4443 1034 4506 ueri
1060 4443 1165 4507 simile
1189 4444 1241 4521 sit,
1271 4445 1319 4507 ita

164 4545 311 4612 Curtium
335 4548 515 4630 scripsisse,
539 4553 615 4630 post
638 4547 833 4631 ‘imperauit’
851 4548 885 4610 in
905 4545 998 4610 codd.
1014 4551 1063 4609 est
1073 4551 1119 4623 nt,
1143 4546 1317 4628 uestigium
