3068 5152
747 379 787 439 42

187 571 349 644 expuncto
379 569 458 646 post
489 562 555 628 aeia
583 563 695 642 uerbo,
730 563 817 647 quod
845 565 879 627 in
909 563 1059 628 omuibus
1083 563 1253 629 codicibus
1277 571 1340 644 est,

188 665 360 747 ‘migrent’3
382 687 458 730 nam
483 687 523 730 ex
546 665 697 749 sequenti
719 665 864 748 ‘ingredi’
888 666 1112 750 dittographia
1136 672 1245 731 ortum
1262 688 1337 732 esse

188 768 329 833 uidetur.
365 769 413 832 sie
432 768 533 833 ‘uelut
549 770 583 832 in
606 768 685 833 aeie’
707 768 775 832 iam
799 789 873 832 oum
897 769 1123 852 superioribus
1147 769 1246 852 ‘quod
1268 770 1341 852 ipse

187 870 338 935 dueebat’
372 872 523 954 eoniungi
544 892 679 936 neeesse
702 878 761 950 est,
797 892 857 936 neo
880 873 1053 956 quominus
1075 872 1108 936 id
1131 872 1199 949 fiat,
1223 893 1341 938 sensus

187 969 340 1056 impedit,
365 995 494 1058 semper
515 975 602 1040 enim
624 975 658 1038 in
681 974 812 1057 proeliis
836 975 957 1040 milites
977 975 1160 1040 Alexander
1185 975 1339 1042 duoebat.

188 1082 228 1156 et,
251 1098 291 1140 ne
315 1098 411 1159 quem
435 1077 514 1142 ordo
537 1076 712 1142 uerborum
731 1076 886 1157 offendat,
910 1077 1061 1142 similiter
1079 1079 1168 1143 estV
1183 1082 1232 1156 12,
1251 1083 1272 1143 8
1291 1080 1340 1144 ‘ne

187 1181 273 1245 inter
294 1181 434 1263 gemitus
457 1181 704 1263 digredientem,
727 1179 821 1244 uelut
838 1201 858 1244 a
875 1202 965 1261 rogo,
988 1181 1191 1246 intueretur’.
1239 1182 1340 1246 etiam

187 1283 257 1347 Liu.
272 1282 315 1347 Vl
329 1287 377 1363 15,
390 1287 408 1347 3
422 1283 507 1347 ‘hine
519 1290 662 1361 senatus,
686 1284 762 1347 hine
775 1283 879 1366 plebs,
902 1304 997 1347 suum
1016 1284 1154 1368 quisque
1172 1285 1341 1350 intuentes

188 1386 313 1465 duoem,
337 1386 430 1451 uelut
451 1387 485 1450 in
508 1387 587 1465 aoie,
611 1385 836 1452 constiterant’
856 1386 958 1451 uerba
975 1387 1078 1451 ‘uelut
1099 1387 1133 1449 in
1156 1387 1236 1452 aeie’
1249 1394 1340 1453 reete

189 1489 232 1553 ad
254 1489 367 1571 priora
389 1489 477 1554 trahi
500 1497 648 1572 possunt.
694 1487 751 1569 (in
774 1490 877 1553 aeiem
900 1488 1005 1568 irent’,
1039 1511 1124 1574 quae
1147 1489 1235 1572 apud
1258 1488 1340 1555 Cur·
1391 1505 1394 1510 ·

187 1593 268 1656 tium
291 1591 393 1657 Modii
428 1593 617 1657 coniectura
650 1612 709 1674 pro
745 1599 898 1675 corrupto
931 1593 975 1655 ‘in
1001 1593 1081 1657 aoie.
1102 1591 1249 1674 migrent’
1279 1599 1339 1672 est,

188 1695 363 1760 admodum
397 1695 518 1760 dubiae
552 1695 644 1759 uelut
678 1694 871 1759 Latinitatis
905 1700 969 1774 est;
1010 1715 1085 1759 nam
1121 1695 1192 1759 Liu.
1215 1695 1339 1759 XXVII

188 1803 239 1878 46,
267 1803 300 1861 ll
326 1804 361 1863 et
382 1798 448 1862 iarn
471 1798 596 1881 pridem
616 1797 809 1862 ‘exeundum
831 1798 865 1861 in
888 1797 1000 1862 aciem’
1019 1796 1178 1863 edebatur
1197 1804 1231 1862 et
1252 1819 1340 1863 nune

189 1900 320 1982 editur.)
519 1888 521 1892 ¹
934 1979 936 1983 ,

319 2009 347 2081 l,
365 2007 405 2068 22
423 2003 516 2068 eodd.
535 2002 583 2084 (in
601 2003 729 2083 agmine
741 2003 994 2087 Babyloniorum
1008 2003 1193 2069 Alexandro
1207 2003 1340 2069 obuiam

174 2100 300 2184 eunte)
328 2103 481 2171 Chaldaei
503 2104 813 2189 Babyloniorumque
835 2126 898 2171 ooo
925 2111 1014 2170 aates
1041 2108 1133 2170 modo
1161 2106 1220 2170 sed
1246 2108 1340 2170 etiam

188 2207 327 2289 artifices
355 2230 424 2274 earo
445 2207 563 2290 ddibas
585 2209 643 2273 eoi
659 2210 785 2292 perieris
808 2210 906 2274 ibant.
951 2215 986 2272 at
1009 2207 1163 2274 Chaldaei
1187 2209 1252 2292 ipsi
1274 2209 1339 2274 Ba·

188 2311 395 2397 byloniorum
420 2318 515 2377 erant
537 2318 642 2391 uates,
676 2311 707 2375 id
732 2319 784 2376 est
805 2312 933 2390 harioli,
967 2332 1052 2395 quae
1076 2319 1126 2376 est
1148 2311 1236 2394 apud
1259 2309 1340 2376 Cur-

189 2416 272 2479 tium
295 2415 389 2480 uerbi
413 2416 526 2480 ‘uates’
549 2414 620 2479 sola
641 2415 701 2492 uis,
727 2421 826 2498 atque
850 2436 914 2498 quo
938 2415 1043 2478 minus
1066 2415 1136 2478 ueri
1159 2414 1263 2477 simile
1287 2415 1340 2491 sit,
1419 2498 1423 2502 .

188 2518 222 2581 id
240 2517 390 2582 Curtium
413 2519 594 2601 ignorasse,
619 2523 652 2582 et
673 2519 708 2581 in
730 2518 793 2582 hoe
816 2539 914 2601 opere
937 2518 1007 2581 eius
1032 2517 1163 2600 saepius
1181 2515 1339 2582 Chaldaei

189 2627 284 2686 uates
302 2628 597 2687 commemorantur
613 2628 647 2686 et
664 2621 733 2685 eius
753 2621 965 2703 temporibus,
989 2619 1052 2685 hoo
1064 2626 1114 2684 est
1125 2619 1187 2683 sub
1199 2620 1341 2701 impera·

189 2723 317 2790 toribus
341 2724 495 2790 Romanis
518 2725 614 2807 primi
637 2729 713 2808 post
735 2723 902 2788 Christum
929 2730 1041 2788 uatum
1069 2722 1203 2801 saeculi,
1236 2742 1340 2804 genus

188 2826 269 2892 illud
309 2827 478 2892 fatidicum
518 2827 639 2892 Romae
680 2847 799 2909 magna
838 2825 1049 2890 diuinationis
1095 2825 1340 2891 existimatione

186 2929 336 2995 florebat.
382 2931 470 3014 quod
500 2931 528 2995 si
556 2929 732 2994 inhaere
756 2928 888 2994 Curtius
912 2949 1023 2992 errare
1046 2949 1110 2993 non
1133 2927 1251 3010 potuit,
1285 2949 1340 2991 ex-

187 3033 363 3117 pungenda
396 3033 498 3098 uerba
522 3031 700 3098 ‘Chaldaei'
730 3038 763 3097 et
791 3031 887 3114 ‘que';
922 3052 1027 3114 neque
1060 3030 1247 3110 obscurum,
1281 3051 1341 3094 eur

189 3136 308 3220 aliquis
325 3136 407 3201 haee
424 3137 503 3201 addi
520 3138 671 3213 uoluerit,
695 3135 751 3217 qui
774 3156 848 3199 eum
867 3134 981 3199 ‘uates'
1000 3140 1116 3216 poetas
1133 3133 1341 3215 intellegeret

188 3246 288 3322 atque
311 3240 406 3304 simul
429 3239 469 3305 ad
493 3239 553 3303 hos
577 3245 609 3302 et
631 3236 784 3316 artifieea
816 3237 850 3302 id
874 3244 926 3302 est
949 3243 1147 3314 cantatorem
1181 3234 1274 3300 uelut
1295 3235 1341 3299 VI

125 3410 128 3416 ⁴
190 3345 217 3421 2,
242 3346 269 3405 5.
293 3342 430 3406 uerbum
454 3341 515 3419 ‘hi’,
540 3340 626 3424 quod
645 3341 790 3423 proxime
811 3339 967 3422 sequitur,
992 3338 1136 3420 referret,
1160 3337 1252 3417 nihil,
1275 3359 1340 3422 quo

189 3442 364 3509 ‘Chaldaei’
388 3443 478 3527 (post
500 3479 542 3489 -
566 3446 695 3508 ‘canere
719 3441 832 3525 soliti')
856 3443 1042 3524 pertineret,
1065 3440 1265 3506 inueniebat.

320 3553 347 3626 1,
373 3552 412 3612 36
442 3547 536 3612 oodd.
568 3547 690 3611 diutius
718 3546 751 3610 io
784 3546 841 3610 dae
872 3543 948 3609 orbe
980 3543 1159 3626 (Babylone
1200 3543 1339 3624 seilicet)

190 3669 283 3732 qroora
309 3671 442 3733 aequam
473 3650 614 3715 eooet'tii
641 3668 708 3727 rea,
740 3667 797 3711 aee
818 3647 881 3712 alio
905 3648 970 3711 loeo
994 3645 1184 3727 discipliuae
1205 3645 1341 3710 militari

189 3752 292 3833 inopie
314 3753 428 3816 noeroit.
476 3753 595 3817 soribd.
620 3750 704 3816 aliae
728 3749 828 3829 locam
863 3771 937 3813 nam
960 3770 1018 3814 rex
1039 3751 1110 3831 ipse
1132 3771 1239 3832 neque
1262 3748 1340 3813 alibi

189 3875 295 3939 neque
328 3854 395 3919 illie
429 3855 607 3919 exereitum
641 3855 827 3936 prauiorem
860 3852 1014 3916 reddidit.
1038 3887 1081 3895 —
1103 3851 1191 3916 infra
1212 3851 1244 3917 'a
1269 3855 1297 3930 2,
1323 3855 1339 3914 5

189 3958 396 4022 inserendum
427 3956 594 4037 proximae
629 3961 704 4038 post
736 3954 907 4038 Lyncestes
936 3955 1111 4038 Amyntam
1145 3955 1220 4037 quis
1254 3955 1340 4018 enim

189 4060 305 4126 Latine
339 4061 390 4126 ‘ab
432 4060 543 4143 aliquo
583 4058 663 4123 esse'
698 4079 756 4140 pro
791 4057 843 4122 ‘ab
883 4057 994 4141 aliquo
1033 4058 1217 4140 proximum
1259 4061 1339 4122 esse'

191 4161 295 4227 dixit?

318 4269 347 4344 2,
374 4267 411 4329 19
434 4263 459 4326 Ρ
483 4265 564 4328 dooo
587 4282 721 4345 quaese
745 4264 896 4340 doeereat,
931 4284 995 4346 quo
1019 4263 1208 4326 oonieetnra
1229 4261 1340 4345 Ieepii,

191 4387 290 4451 quarn
313 4366 468 4449 Uogelius
491 4366 625 4447 recepit,
649 4367 730 4429 dooo
751 4386 785 4430 ee
807 4384 887 4448 qaae
909 4366 1051 4429 docerent
1073 4364 1199 4448 aliquid
1223 4364 1339 4428 confir-

190 4475 313 4553 matur,
337 4469 440 4536 aeteri
463 4467 592 4538 oodiees
616 4470 710 4552 ‘que'.
