3068 5152
768 394 827 455 106

312 682 505 764 Longiorem
528 702 579 745 me
603 682 636 744 in
658 680 709 745 his
732 681 903 764 scripturis
927 681 1158 764 percensendis
1181 680 1282 745 fuisse
1301 681 1381 761 scio,

229 785 316 868 quod
345 785 418 849 ideo
448 784 570 848 factum
601 789 661 863 est,
694 784 773 866 quia
801 782 882 847 illud
911 783 985 847 hinc
1008 782 1155 865 intellegi
1177 804 1273 866 posse
1297 784 1380 848 mihi

228 887 368 965 uidetur,
393 909 432 951 ex
448 886 510 950 hoc
529 886 640 951 codice
652 885 812 951 Uaticano
833 907 889 950 eos
907 886 1019 964 libros,
1042 906 1180 969 quorum
1199 885 1379 950 secundam

229 989 366 1054 classem
390 1010 461 1054 esse
484 988 644 1068 uolumus,
674 991 814 1054 maxime
837 987 917 1054 Bud.
942 994 975 1052 et
997 989 1083 1053 Flor.
1108 988 1147 1062 G,
1176 994 1273 1053 natos
1298 1009 1381 1052 esse.

229 1097 323 1155 tanta
341 1091 488 1156 codicum
507 1091 686 1156 similitudo
707 1098 772 1170 est;
797 1097 838 1169 et,
861 1113 902 1156 ne
926 1090 1112 1155 dubitemus
1135 1091 1231 1154 huius
1248 1091 1382 1170 generis

229 1200 396 1259 auctorem
419 1193 617 1258 Uaticanum
649 1194 769 1259 librum
803 1193 959 1271 iudicare,
992 1193 1097 1257 tribus
1132 1193 1200 1258 fere
1236 1194 1380 1258 saeculis

228 1297 293 1362 illis
317 1299 420 1361 maior
443 1319 514 1362 esse
538 1297 665 1360 dicitur.
712 1298 768 1361 sed
791 1297 867 1360 huic
890 1296 1052 1360 secundae
1076 1296 1184 1374 classi,
1220 1295 1381 1377 quemad·

228 1399 359 1463 modum
382 1420 483 1482 supra
506 1401 767 1478 commemoraui,
791 1400 890 1464 etiam
912 1398 1016 1462 multa
1034 1419 1072 1462 ex
1090 1398 1243 1463 Modiano
1266 1399 1382 1463 codice

229 1500 375 1566 admixta
398 1510 482 1581 sunt,
511 1494 629 1585 quibus
652 1502 769 1566 menda
791 1500 994 1566 tollerentur.
1019 1536 1060 1546 —
1083 1502 1149 1565 iam
1171 1500 1254 1564 illud
1277 1522 1382 1583 quae-

228 1624 350 1685 ramus,
374 1625 573 1686 ecquosnam
596 1626 673 1669 usus
697 1604 903 1669 emendatori
927 1603 1029 1667 codex
1047 1602 1228 1667 Uaticanus
1248 1602 1379 1669 afferat.

230 1712 369 1789 apparet
391 1708 491 1787 igitur
513 1707 693 1786 librarium,
724 1708 780 1791 qui
802 1713 900 1771 antea
922 1705 947 1770 P
970 1706 1110 1787 uestigia
1133 1706 1307 1788 diligenter
1331 1726 1384 1769 se-

231 1817 324 1874 cutus
354 1817 449 1888 esset,
478 1810 511 1872 in
539 1808 600 1873 hoc
623 1810 732 1892 operis
755 1810 806 1874 1111
828 1809 891 1873 fine
915 1815 948 1873 et
970 1807 1193 1891 neglegentem
1217 1829 1290 1872 esse
1314 1807 1384 1872 fac·

229 1919 298 1975 tum
323 1918 357 1976 et
378 1911 562 1976 inconsulto
586 1912 779 1976 emendandi
802 1912 912 1977 studio
935 1917 1128 1995 prouectum
1145 1909 1256 1975 uerbis
1276 1911 1384 1993 scrip·

231 2016 311 2078 toris
338 2035 405 2078 non
433 2016 515 2079 satis
544 2016 737 2097 pepercisse.
787 2013 892 2079 multa
914 2015 1006 2078 enim
1038 2033 1140 2095 praue
1173 2014 1384 2092 omittuntur,

230 2116 322 2180 uelut
345 2118 473 2199 saepius
497 2118 633 2181 uerbum
658 2119 921 2198 substantiuum3
956 2115 1058 2180 multa
1081 2117 1180 2180 etiam
1204 2116 1384 2194 adduntur,

230 2224 268 2282 ut
285 2240 310 2282 c.
330 2223 358 2298 8,
378 2224 414 2283 21
437 2221 591 2284 ‘cunctos'
609 2228 642 2284 et
666 2222 714 2301 10,
738 2219 961 2303 ltprimum,
986 2219 1074 2302 quod
1098 2239 1385 2302 superuacaneum

232 2322 347 2386 saltem
371 2344 443 2388 esse
466 2324 546 2388 mihi
569 2324 709 2390 uidetur.
728 2385 730 2391 s
754 2344 829 2388 nam
853 2321 966 2386 ‘Iollan
990 2324 1075 2387 inter
1097 2321 1284 2400 ministros’,
1317 2321 1385 2385 hoc

232 2431 283 2489 est
294 2425 410 2503 Iollan,
430 2426 486 2509 qui
498 2427 583 2489 inter
600 2427 767 2491 ministros
785 2432 865 2504 erat,
888 2424 975 2507 apud
993 2426 1186 2507 scriptorem
1204 2431 1386 2505 argenteae

233 2529 353 2591 aetatis
377 2529 458 2591 satis
482 2527 611 2591 defendi
633 2550 731 2610 posse
749 2529 906 2607 arbitror3
929 2527 1022 2591 uelut
1038 2527 1120 2591 Plin.
1139 2526 1180 2590 H.
1198 2525 1237 2590 N.
1255 2526 1323 2589 IIII
1342 2532 1386 2591 40

136 2640 139 2647 ⁴
233 2630 293 2693 ait:
324 2630 472 2694 ‘Threcia
495 2632 651 2713 sequitur,
674 2632 759 2695 inter
782 2631 1001 2696 ualidissimas
1025 2630 1177 2712 Europae
1201 2631 1318 2710 gentio,
1349 2632 1387 2693 in

230 2733 405 2814 strategias
429 2732 454 2794 L
478 2732 602 2797 diuisa‘.
648 2755 753 2818 neque
783 2733 862 2798 alibi
889 2734 1040 2816 princeps
1069 2733 1261 2815 interregis
1285 2733 1384 2796 mini-

229 2841 314 2899 stros
347 2834 430 2899 Iolla
465 2842 523 2912 est,
560 2836 617 2900 sed
648 2858 721 2900 cum
751 2836 903 2921 Philippo
934 2835 1035 2899 fratre
1057 2843 1178 2918 potum
1200 2834 1384 2898 Alexandri

228 2945 430 3019 praegustat.
489 2938 700 3005 multifariam
734 2939 835 3003 etiam
867 2937 969 3002 uerba
1002 2944 1273 3021 transponuntur,
1313 2960 1383 3002 uno

229 3040 346 3104 saltem
381 3040 452 3105 loco
488 3048 603 3106 contra
635 3063 729 3106 usum
763 3041 944 3125 scriptoria,
979 3061 1051 3105 cum
1081 3062 1107 3105 c.
1141 3046 1188 3120 10,
1218 3045 1259 3104 20
1294 3042 1384 3123 ‘post

228 3143 341 3226 paucis
365 3144 467 3207 annis’
490 3165 549 3226 pro
572 3144 697 3226 ‘paucis
719 3150 796 3226 post
818 3144 923 3207 annis’
946 3144 996 3207 111.
1043 3142 1101 3208 sed
1124 3145 1187 3208 etsi
1208 3143 1259 3207 his
1289 3165 1383 3208 men·

230 3244 280 3308 dis
308 3244 389 3309 fides
420 3247 542 3310 codicis
573 3246 711 3310 multum
742 3246 954 3322 imminuitur,
989 3252 1079 3310 certa
1113 3250 1223 3309 tamen
1256 3246 1382 3311 nobilis

230 3347 300 3411 eius
330 3328 466 3430 originis
490 3349 632 3431 uestigia
653 3348 819 3412 interdum
842 3368 1021 3429 agnoscere
1043 3368 1174 3413 necesse
1198 3353 1258 3426 est,
1286 3348 1383 3414 uelut

359 3455 388 3531 8,
412 3455 461 3529 21,
497 3473 570 3516 cum
592 3450 793 3515 Arrhidaeus
823 3471 928 3533 nuper
957 3472 1014 3514 rex
1044 3457 1183 3528 creatus,
1217 3471 1258 3514 ne
1292 3452 1384 3515 inter

228 3553 426 3619 Macedones
447 3554 563 3618 seditio
584 3560 741 3632 oreretur,
764 3574 878 3618 rursus
897 3552 1048 3617 diadema
1068 3553 1274 3630 detraxisset,
1300 3555 1384 3617 scri-

230 3657 372 3723 bendum
396 3647 469 3721 cum
492 3655 598 3721 Uatic.
622 3657 701 3739 Reg.
726 3656 813 3720 Flor.
838 3655 865 3720 G
888 3654 969 3719 Bud.
994 3657 1099 3720 111111
1126 3656 1246 3719 instare
1276 3674 1382 3736 coepe·

227 3765 311 3837 rent,
340 3763 384 3839 at,
409 3779 487 3841 1111
511 3760 667 3841 agitasset,
693 3758 1007 3841 1111111111111111,
1028 3778 1134 3840 neque
1153 3778 1227 3822 cum
1244 3757 1384 3842 reliquis

230 3862 323 3926 codd.
347 3861 562 3927 omittendum
590 3861 727 3926 uerbum
749 3862 834 3939 ‘rex’,
868 3881 932 3945 quo
968 3882 1042 3926 eum
1074 3881 1211 3942 regnum
1238 3861 1384 3927 retinere

230 3985 265 4029 se
298 3964 383 4029 uelle
418 3964 539 4029 milites
580 3963 776 4047 significant.
822 3971 959 4047 apparet
994 3963 1102 4042 etiam,
1137 3983 1194 4027 cur
1227 3984 1293 4027 nox
1326 3984 1384 4027 ex-

230 4068 354 4133 ciderit.
1080 4089 1083 4093 ¹

359 4176 387 4246 9,
411 4175 430 4234 8
455 4169 546 4232 editt.
571 4190 644 4250 erpo
667 4169 747 4233 11111
770 4170 921 4251 quosdam
945 4188 983 4230 11
1006 4168 1116 4247 copiis,
1147 4166 1260 4251 quibes
1281 4188 1382 4248 prae·

230 4277 304 4350 eret,
332 4273 522 4351 subornauit
550 4271 743 4352 (Perdicca),
772 4292 815 4348 1,
846 4270 937 4353 quusi
959 4274 1121 4350 1111111111
1135 4271 1219 4351 ipse,
1250 4290 1382 4353 conque-

229 4379 375 4439 rerentur
394 4375 501 4456 pelam
521 4374 717 4457 Meleagrum
734 4379 899 4455 aequatam
917 4393 983 4438 esse
1002 4372 1180 4452 Perdiccae,
1205 4375 1237 4436 in
1261 4373 1383 4456 quibus

231 4477 525 4561 ‘conquererentur’
560 4499 599 4542 ex
631 4479 864 4542 recentissimis
899 4476 1064 4542 codicibus
1094 4475 1180 4540 Flor.
1210 4475 1239 4538 D
1271 4475 1286 4537 l
1316 4474 1383 4555 (Ba
