3068 5152
750 373 833 458 53'

191 579 350 660 ingeniosi
381 580 546 657 uidentes,
581 580 614 644 id
653 604 717 647 non
746 583 940 661 subsistere,
973 585 1221 652 fabricauerunt
1253 588 1338 652 hane

191 680 376 758 lectionem,
411 704 495 765 quae
525 685 591 747 iam
620 685 779 749 editiones
808 685 956 751 obsidet'.
980 723 1021 734 -
1045 691 1189 754 eiusdem
1213 692 1339 773 generis

192 784 347 848 mendum
370 785 480 868 paullo
504 787 589 850 infra
612 808 637 850 e.
663 793 693 869 8,
720 792 757 851 15
781 810 851 854 esse
874 789 1016 865 uidetur,
1049 792 1115 868 ubi,
1144 793 1236 856 uerbi
1264 791 1340 856 10111

193 887 378 969 explicandi
413 909 524 961 causa,
560 890 655 954 ‘noui’
684 890 803 974 aliquis
838 890 976 956 addidit.
1000 928 1041 937 —
1065 895 1178 959 eadem
1212 896 1340 959 ratione

192 1011 217 1054 e.
245 995 292 1068 ll,
317 995 356 1054 32
380 992 533 1055 mendum
557 999 664 1057 ortum
689 1015 760 1058 esse
784 995 924 1058 uidetur.
970 1017 1043 1058 nam
1077 1018 1149 1060 cum
1178 997 1222 1060 ibi
1254 1018 1340 1061 nune

193 1093 249 1156 sit:
286 1092 447 1172 (Philotas
477 1094 623 1174 timebat,
653 1097 707 1177 110)
741 1097 804 1177 ipsi
831 1097 1338 1177 0110111110100110011111000001-

192 1195 287 1258 (leudi
315 1197 401 1278 repis
428 1217 523 1261 cereso
554 1218 617 1262 000
646 1205 737 1277 esset,
772 1201 805 1263 in
834 1221 899 1282 quo
922 1201 1041 1287 ‘eausa'
1065 1208 1182 1265 eontra
1213 1222 1338 1266 omnem

191 1300 351 1362 sermonis
386 1301 653 1365 consuetudinem
689 1324 748 1385 pro
781 1302 882 1366 uerbo
913 1302 1018 1367 ‘ratio’
1042 1310 1229 1386 usurpatur,
1264 1304 1339 1370 huie

191 1400 293 1464 uerbo
315 1402 399 1465 illud
427 1402 540 1484 glossa
570 1404 773 1488 adscriptum
801 1403 938 1469 forsitan
970 1403 1078 1470 fuerit.
1124 1407 1174 1484 ef,
1208 1413 1340 1489 praeter

191 1525 240 1580 ea,
270 1525 354 1587 quae
384 1527 422 1569 ex
445 1504 601 1570 Cicerone
625 1508 795 1590 Zumptins
830 1508 862 1569 in
897 1509 1020 1572 maiore
1054 1507 1198 1574 editione
1233 1508 1338 1588 affert,

192 1604 280 1670 Curt.
304 1606 403 1686 IIIS,
428 1613 445 1672 7
472 1608 630 1673 ‘trahendi
655 1632 733 1673 uero
757 1610 835 1674 belli
858 1611 913 1674 uix
936 1610 1037 1674 ullam
1061 1631 1130 1674 esse
1157 1611 1338 1675 rationem’.

191 1745 234 1753 -
251 1709 368 1774 deinde
383 1711 457 1773 VIII
479 1713 509 1787 2,
531 1716 581 1788 22,
604 1712 660 1776 ubi
684 1713 777 1777 codd.
797 1712 1007 1790 (Alexander)
1031 1713 1143 1778 101000
1165 1715 1339 1778 1000111100-

192 1817 294 1876 1010111
313 1834 556 1896 seperepresses
573 1817 616 1879 ed
624 1821 751 1896 petrem
770 1815 911 1880 admouit
929 1816 1107 1893 roveredum,
1131 1836 1202 1880 eum
1217 1819 1341 1900 ‘super-

191 1916 351 1997 egredicr'
374 1916 451 1981 boni
482 1919 656 2000 scriptores
679 1940 742 1982 non
771 1926 995 2002 usurpent-
1017 1940 1118 1982 unum
1147 1920 1217 1984 eius
1247 1920 1340 1984 uerbi

191 2020 375 2101 exemplum
405 2021 494 2103 apud
517 2020 685 2097 Roensch.,
720 2020 814 2097 Itala,
850 2044 871 2104 p
902 2024 963 2084 212
992 2018 1063 2085 uidi
1097 2042 1136 2085 ex
1169 2021 1340 2086 Ambrosio

191 2124 330 2205 petitum
349 2160 400 2199 —,
423 2123 540 2206 ‘super’
563 2124 605 2188 ad
628 2124 695 2187 uim
717 2125 981 2206 praepositionis,
1007 2143 1148 2207 quaeum
1173 2123 1340 2204 ‘egredior'

191 2226 407 2308 componitur,
432 2226 671 2308 explanandam
692 2227 839 2291 additum
859 2248 930 2291 esse
955 2247 1080 2291 censae.
1126 2233 1215 2290 certe
1238 2226 1340 2291 uerbo

119 2390 125 2395 .
193 2328 362 2408 ‘egredior'
387 2329 537 2393 similiter
565 2351 645 2392 usus
678 2336 729 2394 est
752 2327 843 2394 Caes.
868 2330 904 2395 B.
929 2328 963 2393 (l.
987 2329 1109 2408 11152,
1133 2327 1341 2393 2110101001

192 2431 390 2494 munitiones
415 2437 543 2496 nostras
568 2431 710 2514 egressi'.

296 2576 299 2587 ,
320 2534 397 2597 ibid.
422 2532 438 2614 §
465 2538 501 2597 17
526 2535 549 2598 Ρ
572 2535 641 2614 ipse
663 2532 844 2599 001101110οε
867 2540 937 2598 epte
957 2532 1149 2599 uestibulum
1170 2533 1276 2616 repiee
1299 2568 1341 2579 -

190 2656 289 2718 aeque
312 2635 427 2717 (ceteri
449 2639 562 2721 ‘neque
586 2637 694 2718 enim’)
716 2639 854 2718 propius
876 2639 982 2702 ediles
1010 2637 1184 2717 0110010101
1207 2672 1245 2681 -
1269 2657 1341 2700 000-

190 2738 286 2803 sistet.
310 2740 428 2804 idonea
452 2747 501 2804 est
524 2740 606 2804 haee
628 2741 653 2804 P
676 2743 851 2824 scriptura,
875 2762 960 2823 quae
982 2741 1169 2821 recipiatur,
1192 2761 1256 2803 nen
1276 2762 1340 2822 quo

192 2842 392 2926 reliquorum
416 2844 562 2908 ecdicum
585 2845 670 2907 ratio
693 2844 821 2925 uulgari
851 2844 924 2907 usui
947 2864 1013 2907 non
1036 2842 1117 2906 bene
1147 2848 1180 2905 et
1201 2842 1341 2906 fortasse

192 2945 307 3011 melius
330 2947 513 3022 conueniat,
545 2947 602 3011 sed
625 2947 702 3030 quia
725 2946 812 3009 illam
843 2966 972 3028 quoque
1003 2946 1153 3029 quamuis
1181 2945 1339 3008 rariorem

192 3058 225 3113 01
257 3050 386 3114 ratione
419 3049 554 3133 probari
589 3056 623 3113 et
652 3049 745 3112 bonis
780 3048 935 3131 exemplis
969 3046 1078 3111 fulciri
1109 3067 1202 3128 posse
1231 3046 1338 3110 uideo.

192 3158 279 3218 certe
299 3153 445 3235 proxime
466 3173 567 3233 supra
586 3172 612 3215 0.
632 3156 660 3225 b,
684 3155 725 3214 22
745 3151 859 3216 ecdem
877 3150 973 3214 modo
992 3156 1077 3214 erat:
1102 3148 1340 3214 ‘Satibarzanes

193 3277 266 3320 eum
290 3255 419 3320 dnobus
450 3255 582 3319 milibus
605 3257 754 3338 equitum
783 3289 825 3298 —
854 3275 960 3337 neque
990 3252 1100 3336 plures
1131 3252 1340 3317 0011110000-

191 3357 280 3423 trahi
303 3363 455 3440 poterant
480 3393 516 3402 -
541 3358 664 3422 Baetra
687 3353 848 3440 perfugit’.
893 3355 1068 3438 utrobique
1092 3353 1202 3418 breuis
1225 3375 1340 3436 paren-

192 3462 295 3526 thesis
324 3467 383 3534 001,
417 3482 501 3544 quae
530 3461 571 3525 ab
600 3481 698 3543 aeque
731 3460 890 3542 incipiens
920 3480 1040 3537 eorum,
1074 3478 1159 3540 quae
1193 3458 1342 3541 proxima

194 3565 358 3629 sententia
382 3564 470 3628 dicta
493 3562 632 3639 fuerant,
664 3562 957 3627 confirmandorum
986 3581 1089 3624 causa
1111 3561 1341 3642 interponitur,

192 3668 283 3732 nulla
311 3667 538 3732 confirmatiua
567 3667 806 3742 coniunctione,
835 3684 941 3747 neque
966 3662 1059 3727 ‘nam’
1086 3683 1191 3744 neque
1223 3662 1338 3742 ‘enim',

193 3771 315 3835 addita.
361 3771 416 3854 qui
438 3770 540 3849 igitur
566 3769 771 3847 factumest,
802 3774 839 3831 ut
861 3788 935 3831 cum
959 3765 1073 3830 Cicero
1101 3765 1223 3849 aliique
1246 3787 1341 3849 supe-

192 3875 294 3938 riores
316 3875 349 3936 in
380 3872 502 3936 talibus
533 3873 703 3937 sententiis
733 3870 847 3954 ‘neque
878 3868 972 3932 enim’
1001 3868 1196 3950 posuissent,
1227 3875 1343 3952 postea

193 3999 270 4042 usus
303 3976 458 4060 loquendi
487 3975 708 4039 Romanorum
741 3995 779 4039 00
813 3972 1058 4054 perduceretur,
1093 3976 1131 4034 ut
1159 3977 1192 4036 et
1225 3973 1341 4054 ‘neque

193 4080 298 4158 enim',
327 4077 601 4162 quemadmodum
632 4078 763 4159 saepius
788 4075 918 4140 Curtius
947 4074 1038 4151 dixit,
1069 4078 1101 4136 et
1125 4074 1240 4156 exiguo
1269 4095 1341 4138 eum

193 4203 306 4248 sensus
330 4181 517 4246 discrimine
548 4179 671 4261 ‘neque’
699 4185 814 4243 noster
838 4177 981 4243 seribere
1005 4176 1142 4259 posset?
1173 4197 1211 4240 00
1236 4196 1342 4241 sermo

192 4285 327 4348 Latinus
355 4283 421 4347 illis
450 4281 739 4347 interclusionibus
769 4282 886 4345 ductus
909 4284 1115 4362 peruenerat,
1146 4278 1267 4361 quibus
1289 4278 1342 4341 Li·

193 4387 267 4451 uius
296 4394 330 4450 01
352 4385 489 4451 Ouidius
514 4390 547 4448 et
569 4384 611 4448 ab
635 4404 748 4448 eorum
774 4382 852 4446 inde
875 4388 1021 4466 tempore
1044 4381 1221 4464 scriptores
1244 4401 1343 4461 saepe

193 4496 340 4567 utuntur,
374 4510 458 4571 quae
481 4511 501 4552 a
524 4487 754 4552 coniunctione
779 4485 829 4548 ‘et’
852 4485 1048 4569 incipientes
1072 4503 1141 4546 rem
1164 4483 1342 4561 continent,

193 4613 277 4676 quae
300 4610 374 4657 cum
396 4590 563 4674 superiore
581 4589 751 4654 enuntiato
774 4593 846 4652 arte
870 4587 1024 4653 cohaeret
1047 4606 1184 4671 eamque
1204 4585 1246 4650 ad
1266 4607 1342 4652 con·
