3068 5152
748 345 788 404 40

195 527 395 610 plerumque,
426 527 465 591 de
494 549 591 591 sensu
615 527 788 610 neglegens
811 529 1058 609 grammaticam
1081 535 1209 594 tantum
1234 535 1344 595 struc-

194 636 304 695 turam
327 631 414 694 omni
438 635 535 712 pacto
559 629 687 694 efficere
710 631 845 695 studuit.
881 651 986 714 neque
1005 632 1090 694 enim
1108 633 1140 695 in
1158 631 1217 696 illa
1240 633 1345 716 scrip·

195 739 271 797 tura
282 732 493 813 intellegitur,
517 753 580 814 quo
592 753 768 814 pronomen
781 732 894 798 ‘huius'
906 734 1079 816 pertineat,
1099 754 1170 798 cum
1184 733 1346 819 Amyntas

195 837 261 900 suis
285 835 447 911 nimirum,
471 857 537 899 non
560 834 807 918 Polypercontis
830 835 991 899 militibus
1014 835 1202 918 praefuerit.
1239 837 1347 915 nobis,

196 937 369 1002 dummodo
393 959 413 1002 a
435 937 577 1002 Parisini
601 940 766 1022 scriptura
790 938 1049 1003 emendationem
1069 938 1246 1017 ordiamur,
1270 941 1346 1004 reli·

196 1062 292 1125 quam
316 1041 404 1105 uiam
427 1040 584 1104 Arrianus
612 1041 818 1105 monstrabit.
863 1061 939 1105 nam
969 1060 1042 1104 cum
1073 1041 1128 1105 1116
1160 1043 1193 1105 11
1228 1043 1346 1107 eadem

197 1145 268 1208 acle
302 1142 519 1207 describenda
552 1143 600 1206 111
638 1148 684 1222 ll,
719 1148 736 1207 9
766 1149 812 1205 ἐπὶ
839 1149 868 1205 δὲ
895 1149 911 1218 ἡ
938 1149 1072 1222 Ἀμύντου
1104 1143 1201 1225 (τάξις)
1242 1145 1344 1224 dicat,

178 1241 340 1310 'Curtium
361 1245 422 1310 hoc
438 1245 511 1310 loco
525 1246 661 1310 eundem
679 1267 774 1330 quem
793 1246 849 1310 1116
867 1251 1034 1311 auctorem
1055 1253 1201 1311 secutum
1222 1247 1347 1313 dixisse

195 1349 498 1432 pomposiacos
521 1368 631 1430 cpmea
652 1347 809 1430 Amyntae
831 1353 910 1413 erat:
942 1348 1112 1429 Philippus
1137 1349 1270 1415 Balacri
1294 1372 1348 1416 cos

194 1449 319 1534 repebat
349 1450 386 1515 ia
417 1451 595 1514 societatem
628 1449 711 1531 (scil.
741 1450 918 1531 armornm)
952 1471 1052 1531 caper
1084 1453 1208 1516 6661166.
1255 1456 1346 1536 quod

194 1559 304 1636 autem
328 1551 459 1617 Curtius
482 1573 556 1631 non,
580 1558 617 1616 ut
639 1552 805 1631 Arrianus
834 1574 976 1629 causam,
1006 1574 1063 1617 cur
1087 1554 1248 1638 Amyntae
1271 1558 1347 1622 uice

194 1657 228 1720 in
251 1657 320 1722 acie
338 1656 422 1721 alius
440 1651 647 1736 fungeretur,
661 1655 844 1738 adscripsit,
869 1654 997 1720 Curtius
1018 1657 1082 1720 iam
1102 1679 1202 1740 supra
1219 1679 1246 1722 c.
1260 1661 1288 1736 6,
1304 1661 1346 1724 30

195 1780 268 1822 eum
292 1757 334 1822 ad
356 1758 628 1841 conquisitionem
651 1779 811 1823 nouorum
840 1758 981 1822 militum
1009 1760 1139 1823 missurn
1170 1781 1241 1824 esse
1268 1783 1347 1825 nar-

194 1866 336 1940 rauerat,
373 1861 516 1925 Graecus
546 1855 611 1924 non
639 1861 726 1924 item.
773 1882 925 1943 syneseos
950 1861 1088 1944 denique
1111 1861 1243 1941 figurae,
1278 1885 1347 1946 qua

196 1963 269 2027 ‘eos’
293 1963 334 2028 ad
357 1962 492 2046 ‘agmen’
514 1961 663 2041 refertur,
686 1963 804 2027 similia
827 1965 913 2046 apud
932 1961 1079 2027 Curtium
1099 1964 1248 2047 exempla
1271 1987 1345 2030 cum
1424 2028 1429 2044 ,

195 2066 260 2130 alia
293 2072 364 2130 tum
397 2066 479 2129 haec
511 2066 734 2130 inueniuntur:
770 2065 830 2129 Vll
859 2069 949 2142 1121
988 2071 1061 2131 ‘non
1095 2069 1240 2132 succurit
1273 2069 1346 2149 tibi,

194 2169 352 2252 quamdiu
371 2169 492 2232 circum
504 2167 625 2232 Bactra
642 2167 801 2232 haereas?
835 2166 912 2232 dum
934 2169 1008 2233 illos
1031 2170 1164 2252 subigis
1189 2169 1346 2253 Sogdiani

176 2271 353 2345 ‚rebellare
377 2271 575 2353 coeperunt’.
610 2271 703 2335 Vllll
728 2276 776 2350 lo,
802 2275 839 2334 15
865 2270 964 2335 ‘miles
989 2273 1044 2335 uix
1066 2293 1158 2336 arma
1180 2275 1345 2355 portabat,

76 2445 78 2448 Α
115 2455 117 2458 ¹
193 2374 456 2457 imminentisque
480 2379 513 2438 61
534 2372 616 2453 ipsis
638 2373 737 2439 facies
760 2374 838 2438 mali
861 2380 937 2438 ante
960 2375 1072 2438 oculos
1095 2375 1183 2438 erat’.

232 2557 234 2562 ,
325 2480 372 2555 14,
397 2481 435 2539 15
458 2475 530 2540 laiac
552 2475 741 2561 Euphraten,
774 2476 865 2540 illinc
896 2477 1001 2558 Tipris
1026 2475 1168 2557 probibet
1194 2479 1343 2545 inclusos.

194 2579 348 2642 dicuntur
370 2578 450 2642 haec
472 2580 504 2642 in
528 2578 726 2643 Macedonas
750 2600 768 2643 a
792 2579 899 2643 Dareo
928 2580 1047 2644 milites
1076 2588 1152 2644 ante
1182 2583 1344 2664 proelium

193 2681 281 2765 apud
314 2680 434 2746 Arbela
468 2683 614 2746 oratione
650 2681 855 2746 adhortante.
912 2682 1023 2764 Tigrin
1057 2689 1126 2746 tum
1160 2683 1346 2750 Alexander

192 2784 383 2849 iamdudum
417 2791 639 2867 superauerat,
673 2805 777 2867 neque
806 2785 1344 2867 6111611666161611166166111161

195 2888 258 2952 duo
281 2886 415 2952 flumina
443 2887 682 2953 includebatur.
728 2887 816 2970 quod
847 2909 920 2951 cum
950 2909 1055 2971 neque
1078 2888 1207 2952 Dareus
1235 2912 1344 2974 neque

194 2989 315 3054 milites
345 2992 415 3055 eius
437 2991 626 3072 ignorarent
649 3010 754 3072 neque
779 2982 936 3070 Curtium,
966 2992 1023 3073 qui
1045 2991 1212 3055 difficilem
1235 2992 1344 3074 Tigris
1433 3016 1436 3022 ·

191 3094 367 3157 transitum
391 3093 462 3176 ipse
485 3113 570 3158 nono
593 3092 689 3157 huius
713 3092 796 3156 libro
821 3093 929 3175 capite
946 3092 1051 3156 fusius
1071 3093 1237 3177 desczipit,
1262 3096 1344 3160 obli-

192 3203 261 3260 tum
286 3216 359 3260 esse
382 3197 453 3259 ueri
476 3196 581 3260 simile
606 3197 656 3274 sit,
693 3195 796 3258 uerba
830 3195 929 3259 deleri
960 3217 1086 3260 censeo
1132 3196 1260 3261 addidit
1288 3202 1344 3281 qui

190 3298 326 3381 planum
360 3297 432 3362 fieri
465 3298 579 3375 uoluit,
615 3319 681 3375 eur,
716 3296 750 3361 id
779 3297 868 3380 quod
896 3299 1041 3381 proxime
1071 3319 1171 3380 supra
1193 3321 1213 3362 a
1235 3300 1344 3365 Dareo

192 3401 314 3464 dictum
338 3406 418 3478 erat,
441 3400 532 3464 nulla
554 3401 619 3464 iam
642 3398 876 3464 Macedonibus
898 3400 976 3482 fuga
1000 3408 1191 3482 superesset.

320 3508 368 3579 14,
393 3501 607 3567 2566111115
636 3504 754 3567 dextris
782 3503 900 3567 aratris
927 3504 993 3567 ium
1025 3501 1210 3583 libertatem,
1240 3497 1342 3586 'opera

189 3626 275 3686 spera
296 3606 399 3688 falari
423 3605 570 3686 temporis
596 3605 740 3687 peritia
765 3613 934 3688 comparat
957 3606 1007 3671 his
1031 3605 1217 3671 Miitaellins
1241 3609 1344 3673 uerba

190 3709 359 3787 Catilinae,
395 3709 512 3792 quibus
540 3708 595 3772 ille
617 3707 704 3790 apud
729 3708 861 3773 Sallust.
886 3709 957 3773 Cat.
983 3714 1032 3789 58,
1055 3712 1074 3768 8
1098 3716 1174 3773 ante
1198 3731 1340 3793 pugnam

191 3813 298 3877 socios
321 3812 457 3876 hortans
480 3812 657 3891 inducitur,
680 3833 763 3894 quae
786 3810 918 3876 Curtius
941 3812 1080 3877 fortasse
1096 3813 1251 3877 >imitatus
1275 3822 1338 3879 cst:

189 3914 272 3980 ‘cum
300 3915 459 3998 proelium
481 3915 616 3993 inibitiS,
639 3915 852 3978 memineritis
875 3934 934 3978 uos
959 3915 1103 3989 diuitias
1134 3914 1242 3994 decus,
1273 3916 1341 3998 glo·
1377 3981 1383 4000 ,

188 4019 282 4096 rium,
316 4024 468 4100 praetera
494 4018 683 4081 libertatern
713 4023 814 4100 atque
847 4018 990 4101 patriam
1019 4019 1053 4082 in
1076 4018 1198 4082 dextris
1222 4021 1341 4083 uestris

188 4119 342 4204 portare'.
377 4139 462 4203 quae
481 4120 611 4198 milites,
635 4119 712 4183 dum
730 4126 886 4201 pugnant,
910 4120 976 4184 iam
998 4121 1032 4184 in
1055 4120 1205 4184 manibus
1229 4142 1351 4201 gerere·

188 4222 365 4304 finguntur,
390 4210 499 4287 omnia
521 4228 607 4300 sunt,
632 4241 716 4304 quae
733 4222 873 4286 uictoria
890 4222 929 4286 iis
949 4222 1050 4301 dabit,
1075 4222 1184 4286 clades
1202 4223 1337 4298 adimet,

189 4346 390 4408 quorumque
414 4325 576 4407 possessio
603 4329 637 4388 et
659 4321 784 4389 fructus
801 4325 833 4387 in
852 4323 984 4402 dextris,
1008 4325 1070 4390 hoo
1088 4326 1188 4389 estin
1206 4326 1341 4406 uirtute,

189 4429 315 4510 positus
339 4433 397 4491 661.
442 4427 528 4491 inter
544 4442 634 4509 'quae
658 4445 730 4490 curn
754 4426 931 4491 ‘auxilium'
955 4449 1019 4491 non
1050 4429 1100 4506 sit,
1135 4449 1198 4491 non
1222 4430 1338 4512 ‘opem'

188 4529 244 4593 sed
280 4529 385 4612 ‘opes’,
417 4529 452 4594 id
486 4535 538 4594 est
570 4529 769 4614 potentiam,
809 4529 1018 4595 scribendum
1063 4530 1204 4594 uidetur.
1263 4540 1336 4597 orta
