3068 5152
748 372 788 432 50

189 566 304 625 auctor
333 560 386 639 sit,
419 564 457 623 ut
485 559 551 623 iam
580 559 650 623 sine
679 556 856 622 offensione
885 557 1090 641 parenthesis
1114 558 1157 622 ad
1179 564 1345 642 utrosque

187 663 359 742 referatur,
382 661 520 727 uerbum
544 658 894 726 ‘Lacedaemoniorum’
918 681 1150 744 expungamus.

318 770 346 844 5,
372 769 410 829 12
433 765 458 828 P
482 764 530 846 (in
552 763 759 848 expeditione
777 765 864 846 regis
885 769 999 828 contra
1018 762 1164 843 Mardos)
1185 763 1346 827 deturbati

189 891 227 934 eu
250 867 386 946 collidus,
416 888 494 951 quus
517 867 631 947 (ceteri
657 864 749 948 pros)
773 871 1007 947 occupauerunt,
1038 864 1163 931 burburi
1183 868 1342 947 profupe-

187 978 271 1036 runt.
318 971 430 1035 statim
460 970 543 1035 hano
572 971 687 1054 optimi
711 969 833 1033 codicis
858 970 1054 1051 scripturam
1082 989 1162 1051 quus
1190 970 1343 1033 enotanti

188 1074 268 1138 mihi
296 1074 366 1138 ueri
395 1073 499 1137 simile
522 1072 708 1151 uidebatur,
738 1071 780 1135 ad
802 1071 993 1136 femininum
1017 1093 1118 1154 genus
1142 1072 1346 1154 praecedens

190 1163 409 1242 ‘collibus’ita
427 1197 497 1240 esse
516 1175 839 1254 accommodandum,
862 1182 899 1239 ut
921 1174 1015 1238 fieret
1032 1173 1174 1239 collibus
1209 1194 1284 1237 nam
1309 1179 1346 1238 et

188 1281 252 1345 hoc
274 1279 412 1345 uerbum
441 1278 509 1343 fere
528 1298 665 1360 semper
695 1277 782 1360 apud
805 1275 953 1341 Curtium
976 1276 1166 1341 femininum
1190 1297 1271 1354 esse,
1308 1283 1345 1340 et

191 1382 351 1447 ‘callibus’
385 1381 529 1459 Mardos,
564 1386 753 1444 montanam
787 1386 925 1461 gentem,
960 1380 1002 1444 ad
1036 1380 1210 1444 arcendum
1246 1379 1342 1444 aditu

187 1505 296 1568 regem
320 1506 383 1548 non
407 1485 513 1548 minus
537 1491 612 1567 apte
631 1484 680 1546 uti
701 1484 846 1566 potuisse
871 1504 968 1566 quam
991 1488 1089 1547 antea
1112 1484 1145 1546 in
1169 1503 1228 1546 sua
1252 1490 1345 1546 terra

190 1587 320 1668 Cilicas,
346 1588 386 1653 de
410 1586 784 1670 quibus1114,5haec
812 1585 964 1649 fuissent:
991 1585 1155 1662 (Arsames
1180 1589 1344 1667 satrapes)

143 1708 146 1717 ⁴
190 1678 323 1773 ‘paucis
348 1692 404 1774 qui
416 1689 552 1776 callibus
563 1689 799 1772 praesiderent,
823 1689 945 1753 relictis
964 1690 1034 1770 ipse
1051 1695 1138 1753 retro
1158 1689 1342 1778 conlcessit'.

71 1838 76 1848 ·
130 1846 134 1853 .
190 1801 290 1877 atque
314 1792 404 1872 haec,
428 1813 501 1856 oum
519 1791 655 1856 Diodori
674 1790 775 1855 Siculi
798 1791 967 1855 uolumina
990 1792 1032 1855 ad
1055 1813 1123 1855 rem
1148 1812 1343 1874 comparan-

190 1897 264 1959 dam
288 1895 513 1976 reuoluissem,
549 1893 735 1959 confirmari
762 1896 839 1959 uidi.
886 1895 974 1978 apud
997 1894 1082 1958 hunc
1105 1895 1192 1958 enim
1216 1893 1255 1958 de
1278 1894 1345 1958 hac

190 2000 263 2081 ipsa
286 1998 494 2080 expeditione
516 1998 694 2063 Alexandri
716 1996 807 2061 XVII
831 2001 870 2061 76
900 2000 947 2063 sio
975 2005 1041 2062 est:
1075 2003 1345 2079 προκαταλαβόμενοι

190 2103 230 2177 (οἱ
254 2101 378 2182 Μάρδοι)
408 2106 437 2162 δὲ
463 2107 511 2171 τὰς
541 2105 665 2181 εἰσβολὰς
695 2107 867 2181 στρατιώταις
898 2107 1106 2180 ὀκτακισχιλίοις
1133 2109 1345 2183 τεθαρρηκότως

188 2210 234 2280 τὴν
266 2211 318 2264 τῶν
352 2209 519 2266 Μακεδόνων
558 2209 655 2282 ἔφοδον
688 2210 824 2283 ὑπέμενον.
878 2205 996 2270 Graeci
1030 2205 1169 2269 hominis
1200 2204 1344 2285 ‘aiodolui'

190 2313 267 2371 sunt
288 2288 427 2370 Romani
451 2306 581 2371 ‘calles’.
626 2327 702 2370 nam
725 2306 843 2370 ‘calles'
872 2330 1049 2391 numquam
1080 2307 1169 2390 apud
1192 2306 1344 2372 Curtium

189 2408 278 2491 ipsos
302 2410 454 2473 tramites
478 2408 651 2491 significat,
677 2409 733 2472 sed
757 2408 825 2473 fere
848 2411 932 2475 idem
957 2410 1045 2493 quod
1068 2411 1208 2475 ‘saltus'z
1233 2412 1345 2493 spatia

189 2512 276 2576 inter
305 2513 382 2594 iuga
410 2513 567 2576 montium
595 2512 776 2592 interiecta,
810 2513 929 2595 quibus
953 2520 1062 2577 tamen
1085 2534 1183 2596 saepe
1207 2513 1285 2578 solis
1308 2515 1343 2578 in

191 2615 375 2678 montuosis
415 2615 496 2679 locis
530 2615 704 2679 itineribus
739 2616 788 2679 uti
821 2616 907 2679 licet.
964 2616 1076 2698 itaque
1109 2618 1142 2679 in
1176 2618 1344 2681 montanis

191 2717 346 2801 populis
369 2718 651 2800 quemadmodum
692 2717 815 2782 ‘saltus’
861 2739 1105 2802 saepenumero,
1151 2721 1198 2783 sic
1242 2721 1344 2783 etiam

190 2824 350 2903 augustae
382 2819 482 2884 calles
515 2821 547 2883 iu
575 2820 712 2885 introitu
740 2828 847 2885 terrae
877 2823 959 2886 sitae
983 2843 1056 2885 oum
1079 2821 1142 2886 1111
1165 2823 1198 2886 11
1222 2823 1344 2887 ‘aditus

190 2923 327 3006 angusti’
351 2923 514 2988 interdum
538 2924 706 3002 dicuntum
731 2923 823 2988 uelut
842 2923 935 3002 1114,
954 2929 973 2986 4
991 2924 1035 3006 id,
1060 2924 1148 3007 quod
1161 2927 1344 3006 ‘angustias

189 3026 300 3090 aditus
341 3026 512 3109 oocupare’
552 3026 674 3091 dictum
714 3034 794 3105 erat,
835 3029 947 3091 statim
987 3034 1102 3109 postea
1139 3027 1343 3109 appellatur:

189 3129 339 3193 ‘callibus
373 3128 580 3212 praesidere’.
626 3135 769 3194 ceterum
804 3130 844 3194 de
878 3130 941 3194 hac
974 3129 1067 3194 uerbi
1102 3130 1344 3212 significatione

190 3231 257 3295 uid.
283 3230 394 3313 Uogel.
418 3233 452 3295 in
474 3230 674 3295 Fleckeisen.
698 3232 815 3297 Annal.
843 3237 922 3298 1870
945 3256 976 3316 p.
1002 3225 1072 3297 557,

322 3339 348 3414 5,
372 3337 412 3400 32
436 3333 529 3398 codd.
554 3334 658 3397 acrior
680 3336 722 3398 ud
749 3332 902 3400 Uenerem
933 3335 1070 3415 feminae
1102 3336 1215 3415 cupido
1248 3356 1344 3417 quom

187 3439 282 3519 repis,
305 3442 340 3501 nt
358 3456 481 3518 paucos
506 3435 574 3500 dies
597 3437 790 3517 subsisteret,
810 3439 956 3518 perpulit.
993 3439 1095 3504 uerba
1108 3442 1216 3521 ‘quam
1235 3440 1342 3520 regis,

190 3561 275 3623 quae
298 3539 472 3604 admodum
496 3538 641 3605 absurda
663 3540 743 3603 mihi
765 3540 928 3619 uidentur,
963 3543 1070 3606 omitti
1093 3562 1219 3606 censeo.
1266 3563 1343 3606 nam

192 3643 233 3708 si,
254 3641 427 3728 Amazonis
466 3641 629 3724 cupiditas
664 3644 772 3708 acrior
805 3651 876 3709 erat
912 3664 1009 3728 quam
1043 3643 1235 3723 Alexandri,
1276 3667 1342 3710 nou

189 3752 299 3808 tamen
324 3766 363 3809 ea
385 3746 459 3828 ipsa
481 3767 543 3824 res,
566 3751 603 3810 ut
626 3746 757 3810 codices
782 3747 906 3826 uolunt,
937 3768 1009 3811 eum
1033 3747 1075 3811 ad
1098 3747 1344 3811 subsistendum

189 3847 353 3912 adducere
383 3849 501 3931 potuit.
548 3847 664 3912 deiude
699 3851 810 3928 amori,
844 3851 905 3914 nisi
939 3857 1062 3929 mutuo,
1096 3849 1257 3933 explendo
1292 3859 1344 3914 ter

189 3951 302 4013 decem
333 3950 402 4014 dies
429 3972 495 4015 non
524 3949 651 4015 dantur.
698 3951 837 4035 denique
866 3952 970 4016 multa
999 3955 1032 4016 in
1055 3953 1231 4017 Alexandri
1260 3954 1341 4032 uita,

189 4050 282 4116 uelu't
315 4043 434 4135 greges
472 4053 613 4136 pelicum
653 4073 726 4116 cum
768 4057 912 4120 exercitu
951 4057 1053 4134 uecti,
1093 4057 1229 4139 nuptiae
1268 4077 1342 4121 oum

188 4155 324 4219 Roxane
348 4176 568 4238 praepropere
591 4163 697 4235 actae,
727 4177 799 4221 cum
824 4159 937 4240 Bagoa
959 4159 1104 4241 spadone
1128 4160 1341 4239 consuetudo,

189 4278 276 4341 quae
289 4260 398 4322 omnia
410 4257 542 4323 Curtius
559 4261 630 4341 ipse
648 4263 807 4339 narrauit,
830 4283 894 4326 uon
914 4263 1117 4344 permittunt,
1140 4268 1177 4326 11
1193 4260 1343 4329 libidinis

188 4361 287 4425 etiam
311 4361 567 4427 uehementioris
586 4383 644 4427 rex
662 4362 863 4428 absoluatur.
875 4398 918 4409 —
931 4365 1017 4429 idem
1036 4365 1188 4429 mendum
1208 4366 1343 4430 uidetur

190 4483 261 4527 esse
284 4463 349 4527 lIlI
375 4468 422 4541 13,
447 4469 466 4527 8
486 4463 699 4545 (Alexander)
725 4465 967 4532 Parmenionem
988 4488 1088 4548 nuper
1110 4469 1223 4546 cerium,
1247 4489 1342 4550 quum

186 4564 289 4644 uellet,
312 4567 501 4641 increpitum
513 4587 625 4630 rursus
638 4570 866 4652 custipurenon
877 4569 1056 4636 sustinebat.
1092 4571 1216 4637 omittd.
1231 4573 1339 4654 ‘quam
