3068 5152
751 393 790 452 67

192 571 405 654 cedr'ficiorum
437 575 606 657 fastipr‘nm
639 577 745 640 eodem
773 577 920 642 laterculo
947 583 1088 641 ematur.
1134 577 1340 642 scribendum

191 677 269 740 fnit:
302 679 390 742 reddo
412 679 514 756 etiam,
528 677 563 742 c'rr
585 680 679 742 dorso
701 684 813 757 monte,
847 679 881 743 id
909 685 960 744 est
981 681 1016 744 in
1038 686 1198 763 perpetuo
1222 681 1340 745 montis

191 778 279 863 iugc,
304 780 401 861 qnod,
425 782 552 845 etiamsi
570 781 676 845 latera
692 782 781 845 nuda
799 788 884 858 sunt,
908 789 1014 846 tamen
1034 783 1225 865 plerumque
1242 783 1341 848 siluo-

196 903 267 946 sum
287 888 350 947 'est
385 883 524 948 similem
547 883 578 947 in
602 885 735 949 modum
759 885 896 948 confusa
920 891 1014 948 erant
1036 884 1138 951 uerba
1160 908 1260 969 supra
1277 885 1342 949 IIII

196 989 225 1064 8,
258 991 306 1064 15,
335 985 392 1049 ubi
425 987 459 1049 in
489 985 514 1049 P
549 993 582 1051 et
620 992 631 1049 1
668 987 761 1052 class.
799 987 895 1052 ‘bello
929 995 1104 1071 utrumque
1141 989 1342 1072 (Zumptiani

139 1144 144 1153 .
197 1088 395 1172 utrimque)
414 1089 448 1153 in
471 1110 579 1172 regem
600 1090 769 1155 conuerso’
792 1096 865 1154 erat
887 1112 947 1173 pro
970 1113 1018 1167 eo,
1042 1091 1217 1175 quodiam
1239 1092 1341 1157 Modii

195 1191 288 1256 codd.
313 1191 463 1269 fortasse,
496 1199 583 1257 certe
605 1192 687 1257 Bud.
712 1194 783 1257 cod.
806 1195 962 1273 restituit,
991 1195 1032 1258 ‘in
1056 1194 1178 1259 bellum
1201 1189 1341 1279 utr'oque

193 1315 270 1377 rege
299 1292 476 1360 conuerso’.
522 1296 675 1361 nimitum
705 1317 796 1360 error
828 1297 1004 1362 memoriae
1037 1297 1109 1377 fuit,
1144 1299 1200 1381 qui
1232 1298 1342 1363 mendi

194 1418 295 1463 causa
325 1404 407 1462 erat.
453 1398 603 1462 similiter
630 1398 694 1462 HII
718 1403 746 1477 7,
771 1403 811 1463 30
832 1398 987 1464 librarius
1020 1399 1132 1483 lapsus
1166 1405 1232 1482 est;
1265 1423 1341 1466 nam
1392 1471 1395 1478 ,

194 1521 269 1566 cum
286 1500 384 1565 hodie
409 1501 442 1564 in
462 1501 555 1564 codd.
571 1502 615 1565 sit
631 1501 721 1567 Iour's
742 1503 843 1584 r'pr'tur
864 1502 966 1584 filium
987 1523 1020 1567 se
1035 1524 1098 1568 corr
1116 1505 1218 1569 solum
1237 1505 1341 1586 oppet-

195 1605 261 1670 lorr'
286 1625 409 1685 passus
442 1608 497 1680 est,
532 1605 590 1669 sed
622 1606 716 1670 etiam
750 1606 852 1686 iussit,
885 1607 988 1672 uerba
1014 1607 1047 1671 in
1078 1607 1164 1673 hunc
1194 1609 1341 1674 ordinem

180 1708 384 1791 ¹reponenda
406 1712 482 1771 sunt
503 1728 537 1771 se
560 1708 714 1788 appellari
735 1729 799 1773 raon
821 1709 925 1774 solum
939 1729 1062 1789 passus
1084 1715 1139 1789 est,
1168 1713 1225 1775 'sed
1247 1711 1342 1776 etlam

193 1811 297 1876 desset.
342 1811 550 1894 permissioni
574 1813 658 1875 enim
681 1811 837 1876 uoluntas
860 1818 898 1876 ut
920 1814 1024 1877 maius
1053 1815 1240 1898 opponitur,
1274 1835 1340 1877 non

193 1913 347 1978 uoluntas
381 1915 513 1978 nomini.
560 1914 673 1978 eodem
706 1915 803 1979 modo
832 1914 893 1978 VII
922 1920 950 1993 7,
981 1920 998 1979 3
1026 1936 1087 1999 pro
1116 1915 1276 2000 (Scythia)
1306 1923 1343 1980 ut

195 2016 326 2098 quidam
353 2016 522 2094 credidere,
556 2037 621 2081 rora
647 2017 786 2098 finitima
814 2017 1075 2097 (Sarmatarum),
1109 2021 1167 2084 sed
1192 2040 1269 2100 pars
1296 2024 1342 2083 est

193 2119 433 2184 emendandum
456 2120 642 2185 necessario
671 2141 744 2198 noo,
779 2121 966 2203 etquidem
994 2124 1163 2201 credidere,
1193 2121 1340 2203 finitima,

191 2224 249 2287 sed
266 2227 341 2286 cett.
376 2242 452 2286 nam
471 2243 510 2286 ea
529 2223 754 2288 similitudinis
776 2224 868 2288 uelut
889 2225 1031 2305 negatio,
1054 2247 1153 2308 quam
1175 2232 1342 2290 structura

194 2326 349 2403 continet,
372 2325 537 2407 particula
548 2328 704 2408 negatiua
717 2333 792 2391 ante
806 2328 1065 2410 comparatinam
1077 2329 1340 2392 coniunctionem

194 2427 345 2511 ponenda
378 2427 423 2491 fit.
469 2428 561 2493 uelut
591 2428 722 2494 Curtius
746 2429 807 2493 VH
829 2435 858 2508 8,
883 2434 901 2493 9
926 2432 1010 2509 ‘non,
1044 2438 1082 2496 nt
1114 2432 1232 2496 ceteris
1267 2431 1337 2496 bar·

192 2530 292 2595 baris'
315 2537 348 2594 et
371 2530 447 2594 VIII
470 2536 505 2610 9,
523 2536 562 2595 36
586 2532 667 2611 ‘n0n,
691 2538 728 2597 ut
751 2532 970 2616 pleriqne'.-
988 2534 1109 2619 duplex
1131 2534 1230 2599 etiam
1254 2556 1341 2599 men-

193 2633 270 2698 dum
289 2640 339 2698 est
357 2633 401 2697 VI
420 2637 449 2710 6,
468 2639 496 2712 5,
519 2634 576 2699 ubi
599 2635 692 2700 codd.
712 2640 742 2700 et
762 2636 816 2700 dle
837 2656 872 2700 se
894 2637 1021 2718 quidem
1041 2636 1145 2717 spolio
1169 2637 1342 2702 Persarum

190 2742 314 2818 pestere
336 2735 463 2814 dicebat,
476 2738 546 2801 'sed
566 2757 635 2801 cura
656 2738 727 2803 dlis
750 2759 872 2821 quoque
893 2759 994 2804 mores
1017 2742 1171 2804 Induerat.
1212 2741 1245 2804 in
1269 2740 1340 2823 qui-

193 2838 256 2903 bus
280 2839 430 2921 ‘quidem’
454 2860 517 2904 non
542 2840 584 2904 ad
607 2861 786 2924 pronomen
809 2840 999 2906 reflexiuum
1025 2842 1079 2906 ‘se’
1103 2843 1254 2925 pertinet,
1283 2842 1341 2906 sed

194 2941 238 3006 ad
259 2942 495 3025 praedicatum,
528 2943 616 3027 quod
639 2944 695 3008 ubi
717 2943 763 3020 fit,
790 2963 865 3008 raro
888 2942 964 3008 huic
988 2944 1185 3027 particulam
1209 2943 1342 3009 Curtius

193 3045 351 3126 adiungit,
381 3033 582 3129 plerumque,
617 3052 654 3110 ut
677 3046 786 3124 ceteri,
815 3044 1000 3110 subiectum
1022 3048 1255 3130 pronominale,
1290 3048 1341 3111 cui

192 3148 348 3230 ‘quidem’
371 3148 561 3228 adhaereat,
585 3149 687 3214 addit.
732 3150 845 3232 itaque
870 3169 942 3212 cum
965 3149 1121 3214 hocloco
1144 3149 1217 3214 ‘ille’
1238 3152 1340 3234 parti-

192 3251 286 3316 culae
310 3251 519 3317 sustinendae
542 3253 666 3334 gratiae
694 3253 858 3329 inseritur,
889 3249 1037 3317 Curtium
1059 3251 1136 3317 huic
1160 3255 1341 3336 pronomini

193 3355 346 3436 ‘quidem‘
365 3354 544 3420 subiecisse
568 3357 802 3439 scripsisseque
824 3355 878 3418 dle
901 3357 1027 3438 quidem
1048 3376 1081 3420 se
1103 3357 1231 3440 opinari
1253 3357 1339 3423 licet.

192 3459 343 3542 seqnitur
365 3457 427 3522 hoc
448 3459 601 3522 mendum
624 3460 771 3542 proximo
800 3479 897 3523 uersu
924 3460 1064 3524 alterum
1098 3479 1240 3544 compar,
1273 3461 1339 3541 ubi,

192 3562 256 3627 nisi
290 3560 377 3627 forte
400 3560 549 3645 ‘quoqne’
572 3567 648 3626 ante
678 3583 796 3626 nomen
825 3582 919 3625 suum
947 3564 1024 3645 poni
1048 3584 1143 3646 posse
1167 3563 1339 3641 credimus,

192 3664 401 3729 scribendum
431 3684 499 3729 edm
528 3663 596 3728 dlis
623 3683 727 3729 mores
754 3684 884 3747 quoque.
931 3664 1044 3749 spoliis
1067 3666 1152 3729 enim
1174 3688 1282 3731 mores
1304 3674 1341 3730 nt

192 3768 327 3850 grauius
358 3767 603 3849 deprauationis
632 3767 787 3832 indicium
815 3767 992 3831 adduntur.
1038 3767 1151 3833 eadem
1175 3768 1215 3834 de
1239 3790 1340 3833 causa

191 3870 269 3935 VIII
292 3874 320 3948 9,
344 3873 385 3934 20
408 3891 468 3953 pro
491 3869 576 3934 ‘illos
598 3869 747 3934 locorum
770 3870 908 3953 qnoque'
928 3869 974 3933 sic
996 3870 1245 3952 emendandum,
1268 3871 1340 3937 illos

193 3973 472 4056 qnoquelocorum.
507 3972 562 4037 ille
582 3973 667 4036 enim
690 3994 806 4038 sensus
830 3977 893 4036 est:
918 3973 1004 4036 sicut
1025 3972 1157 4055 ubique,
1180 3974 1229 4038 ita
1250 3975 1338 4057 apud

190 4076 291 4140 Indos
340 4096 470 4158 quoque
514 4081 678 4139 terrarum
722 4077 804 4139 situs
847 4074 1016 4139 hominum
1059 4096 1167 4140 mores
1210 4075 1338 4140 format.
1451 4113 1453 4118 ·

191 4184 358 4262 postremo
376 4178 423 4241 III
449 4183 475 4256 l,
499 4182 527 4255 6,
552 4196 624 4241 cnm
647 4178 754 4242 facilis
777 4179 809 4242 in
828 4176 942 4241 urbem
960 4177 1115 4241 introitus
1134 4177 1339 4242 defensorum

170 4282 278 4346 -arcis
300 4282 500 4364 pertinaciae
532 4286 726 4364 opponatur,
760 4301 818 4362 pro
842 4279 1036 4344 ‘Alexander
1067 4281 1197 4362 quidem
1227 4281 1339 4346 urbem

192 4383 333 4465 (intrat)'
351 4384 616 4466 ‘transpositione
645 4383 820 4447 uerborum
848 4384 896 4447 ita
926 4383 1162 4464 corrigendum,
1190 4383 1223 4446 id
1252 4383 1339 4467 quod

191 4487 257 4551 iam
279 4486 453 4571 Siesbyeus
475 4487 563 4558 fecit,
587 4486 626 4550 A.
650 4485 758 4549 arbem
780 4485 915 4567 quidem.

341 4606 344 4612 .
1077 4587 1108 4639 5*
