3068 5152
750 362 770 421 4
824 445 826 449 .

186 545 255 609 Deo
279 543 360 626 est’),
394 544 518 627 incipit,
552 567 591 608 ne
626 544 761 610 dubium
795 546 848 624 sit,
883 568 923 611 an
957 546 1012 611 ille
1045 548 1097 610 uir
1125 527 1334 631 significetur.

187 669 301 712 uerum
331 648 488 730 quoniam
513 646 594 713 haec
617 649 687 714 eius
711 650 945 713 commentaria
969 669 1052 713 anno
1076 648 1142 714 fere
1167 648 1335 714 DCCCXL

187 752 277 816 edita
300 765 373 816 esse
405 751 633 815 existimantur
657 753 735 831 (uid.
759 752 926 817 Mabillon.
951 755 1033 816 Acta
1056 752 1250 817 Sanctorum
1272 753 1335 817 llll

188 861 216 934 2,
240 853 305 934 43),
328 857 492 918 donante
515 853 577 918 hoc
600 860 729 936 tempus
752 854 854 919 codex
871 861 983 920 noster
997 853 1172 920 Curtianus
1196 857 1335 938 scriptus

188 963 253 1036 est,
288 958 316 1021 si
350 956 481 1038 quidem
514 957 593 1036 hae,
627 977 709 1040 quas
742 977 842 1043 supra
875 958 1050 1040 descripsi,
1084 960 1335 1042 permutationis

186 1058 322 1124 tabulae
353 1059 477 1139 eadem,
512 1080 577 1141 qua
604 1059 750 1144 reliquus
779 1059 872 1137 liber,
898 1082 996 1125 mauu
1021 1097 1056 1108 —
1082 1063 1116 1126 id
1140 1063 1226 1144 quod
1251 1063 1337 1126 inter
1381 1052 1383 1056 ⁸

188 1184 309 1241 omnes,
344 1163 400 1247 qui
428 1162 515 1226 hunc
537 1163 681 1228 codicem
703 1163 924 1246 inspexerunt,
960 1170 1112 1228 constare
1141 1164 1273 1228 uidetur
1295 1201 1336 1208 »-

187 1270 342 1331 exaratae
365 1272 452 1330 sunt.

272 1367 378 1433 Huius
407 1368 484 1433 libri
513 1389 585 1433 cum
613 1366 750 1450 reliquis
773 1367 937 1433 Curtianis
967 1368 1132 1433 codicibus
1155 1371 1336 1453 comparati

189 1492 227 1535 ea
255 1472 341 1536 ratio
376 1477 435 1549 est,
470 1477 507 1536 ut
540 1472 680 1554 primum
713 1476 822 1536 aetate
856 1471 972 1536 horum
1007 1471 1154 1555 plerique
1188 1472 1337 1555 pluribus

189 1574 329 1640 saeculis
368 1594 465 1657 quam
499 1572 554 1638 ille
588 1573 756 1638 inferiores
790 1575 855 1638 sint
887 1580 920 1638 et
953 1576 1174 1657 antiquissimi
1207 1596 1337 1658 quoque

188 1677 287 1761 paulo
311 1684 386 1762 post
408 1699 482 1743 eum
506 1678 570 1741 sint
592 1678 721 1760 scripti,
750 1677 866 1742 deinde
895 1698 975 1743 uera
998 1679 1161 1761 scriptura
1183 1684 1220 1742 ut
1242 1679 1274 1741 in
1299 1699 1337 1741 eo

190 1780 261 1844 solo
285 1801 520 1864 saepenumero
543 1781 726 1863 reperiatur
748 1785 848 1863 atque
871 1781 903 1844 in
926 1781 975 1859 iis,
1005 1802 1090 1864 quae
1113 1780 1158 1844 ibi
1181 1781 1338 1845 mendosa

191 1889 276 1958 sunt,
313 1884 413 1948 ceteri
436 1883 601 1949 interdum
625 1882 755 1967 quidem
779 1883 860 1947 uitio
889 1890 1032 1963 careant,
1067 1885 1199 1966 saepius
1227 1889 1338 1948 tamen

189 2007 325 2068 prauam
360 1987 581 2052 coniecturam
613 1986 809 2068 receperint.
874 1987 938 2050 iam
977 1987 1028 2050 his
1062 1986 1160 2050 rebus
1194 1986 1338 2068 aliquam
1391 2062 1398 2066 ,

190 2089 409 2172 suspicionem
441 2088 519 2153 oriri
548 2095 687 2172 oportet,
722 2089 874 2170 quicquid
898 2090 930 2152 in
954 2090 1072 2153 ceteris
1095 2088 1187 2152 libris
1210 2095 1340 2171 praeter

189 2190 374 2256 Parisinum
398 2191 478 2255 utile
503 2193 555 2269 sit,
580 2193 758 2256 correctori
778 2191 899 2270 deberi,
924 2193 1013 2275 ipsos
1036 2197 1143 2255 autem
1169 2191 1339 2254 codicese

190 2294 417 2359 uetustissimo
450 2295 506 2359 illo
540 2294 624 2360 libro
658 2295 748 2359 uelut
782 2316 799 2358 e
832 2293 922 2358 fonte
956 2293 1122 2359 deriuatos
1156 2314 1236 2358 esse.
1282 2293 1339 2356 sed

191 2397 277 2463 idem
300 2396 404 2461 multo
428 2399 524 2461 etiam
549 2397 678 2480 planius
701 2396 783 2462 haee
806 2395 933 2463 efficere
957 2398 1124 2462 uidentur:
1207 2430 1211 2437 ·

275 2604 376 2680 1119,
406 2609 424 2668 7
453 2602 572 2686 copula
601 2607 629 2666 et
658 2608 732 2686 post
756 2604 934 2685 Moelenper
959 2603 1100 2668 fortasse
1127 2603 1160 2667 in
1189 2603 1339 2667 omnibus

189 2706 283 2771 libris
307 2706 557 2788 manuscriptis
582 2706 683 2786 deest,
713 2712 800 2771 certe
823 2707 857 2770 in
880 2705 1032 2783 Eudemi,
1057 2727 1153 2789 quem
1177 2706 1209 2769 in
1233 2727 1339 2771 meum

191 2832 284 2874 usum
308 2831 413 2892 nuper
435 2809 514 2892 Eug.
539 2809 620 2873 Abel
642 2810 801 2875 beneuole
824 2807 1008 2892 contulit*),
1030 2808 1120 2873 Flor..
1140 2806 1174 2889 C,
1198 2810 1340 2892 quinque

191 2913 403 2997 Zumptianis.
449 2934 534 2995 quae
558 2913 677 2978 menda
698 2912 815 2978 Haimo
840 2912 999 2979 monacho
1024 2912 1177 2992 debetur3
1210 2913 1339 2975 namin

191 3017 216 3080 P
239 3018 410 3098 moeleoper
433 3018 466 3080 in
489 3023 634 3080 extremo
657 3038 757 3081 uersu
780 3023 846 3097 est,
876 3018 988 3100 itaque
1011 3016 1175 3092 librarius,
1200 3015 1274 3078 dum
1299 3014 1339 3077 ad

192 3127 381 3204 sequentem
411 3141 543 3185 uersum
566 3119 808 3200 transgreditur
830 3154 871 3164 ·-
895 3126 928 3185 et
951 3122 997 3185 sio
1020 3139 1118 3202 saepe
1141 3123 1175 3181 ct
1197 3125 1342 3200 praeter-

191 3223 343 3288 mittendi
377 3222 470 3287 uerbi
504 3230 538 3286 et
565 3222 752 3303 geminandi
784 3222 936 3286 mendum
964 3222 1110 3286 nascitur
1132 3256 1182 3299 —,
1206 3221 1342 3285 uoculae

191 3326 312 3391 oblitus
336 3333 395 3390 est.

277 3429 355 3493 item
377 3427 442 3491 IIII
469 3432 514 3508 10,
540 3431 580 3490 29
610 3448 631 3491 a
665 3448 730 3510 quo
759 3427 860 3492 uerbo
889 3432 965 3510 post
993 3427 1096 3490 uicem
1123 3426 1156 3491 in
1184 3426 1209 3491 P
1237 3448 1341 3490 nouus

191 3553 307 3596 uersus
337 3532 481 3616 incipere
505 3530 629 3610 debuit,
666 3531 735 3595 siue
765 3528 845 3593 illud
873 3531 1021 3595 redderes
1049 3531 1117 3593 siue
1141 3529 1228 3612 quod
1253 3529 1340 3592 aliud

191 3634 261 3714 fuit,
297 3636 401 3718 prima
435 3655 548 3699 manus
584 3635 702 3711 omisit,
738 3632 843 3697 altera
877 3633 993 3697 deinde
1027 3633 1058 3695 in
1093 3633 1237 3713 margine
1266 3631 1341 3694 libri
1372 3715 1374 3720 Ι

190 3739 338 3802 redderes
358 3737 506 3801 additum
523 3739 582 3801 est.
617 3759 656 3802 ex
674 3737 792 3802 ceteris
812 3735 980 3801 codicibus
998 3736 1182 3818 Zumptiaui
1205 3734 1340 3798 uerbum

193 3847 226 3903 et
255 3841 318 3923 ipsi
349 3840 513 3920 omittunt,
546 3840 745 3905 recentiores
770 3846 827 3904 aut
847 3839 965 3903 reddas
988 3843 1064 3921 post
1085 3837 1236 3901 saeuitiae
1257 3857 1342 3899 meur

193 3943 380 4008 coniectura
403 3943 557 4008 inserunt·
575 3948 634 4008 aut
654 3942 837 4006 restitueres
860 3948 936 4026 post
957 3944 1066 4005 uicere.

278 4045 322 4110 Vl
344 4052 373 4126 4,
399 4049 437 4108 18
460 4046 493 4109 in
516 4044 542 4109 P
565 4045 669 4110 colore
689 4047 737 4111 ita
759 4045 925 4123 scribitur,
959 4051 996 4108 ut
1024 4043 1157 4106 colorem
1186 4063 1227 4106 an
1258 4044 1341 4107 color

192 4154 240 4213 est
262 4147 474 4231 significetur,
498 4149 636 4213 nescias.
671 4148 784 4233 itaque
808 4149 925 4212 ceteris
947 4146 1050 4226 libris,
1074 4149 1131 4228 qui
1153 4146 1228 4209 inde
1252 4147 1343 4209 uolut

190 4251 288 4315 riuuli
324 4252 357 4315 iu
393 4250 540 4316 diuersas
574 4257 688 4334 partes
722 4249 895 4327 fluxerunt,
933 4248 995 4313 hoc
1029 4249 1113 4330 aliis.
1153 4249 1226 4311 aliis
1259 4249 1340 4311 illud

192 4354 332 4437 placuit3
354 4352 441 4417 Flor.
466 4352 495 4417 G
518 4361 552 4418 et
574 4352 656 4417 Bud.
681 4354 780 4418 etiam
804 4353 913 4418 colore.

191 4500 328 4518 —4---.....
340 4513 373 4517 ,...
412 4513 417 4518 .

216 4572 243 4642 *)
260 4574 411 4630 Budinsem
429 4589 540 4643 semper
557 4593 582 4628 n.
604 4574 653 4627 157
671 4574 743 4628 dico.
796 4620 801 4634 ,
