3068 5152
324 1840 621 1980 llltlllllcl
659 1838 896 1967 tudina
934 1839 1147 1966 tritium

247 2156 517 2265 Adulescentulo
536 2197 616 2262 mihi
636 2197 673 2275 Q.
687 2197 791 2263 Curtii
803 2199 960 2264 historias
978 2198 1154 2262 Alexandri
1171 2199 1311 2282 primum

161 2311 346 2375 reuoluenti
368 2307 403 2372 id
426 2314 496 2373 turn
520 2309 661 2373 maxime
684 2309 717 2373 in
741 2309 850 2374 animo
869 2315 949 2387 erat,
973 2309 1005 2372 in
1022 2329 1075 2372 res
1092 2310 1210 2372 summi
1227 2310 1312 2393 regis

163 2415 335 2496 diligenter
366 2412 542 2494 inquirere.
593 2413 669 2491 iam,
704 2416 741 2476 ut
774 2432 835 2496 par
867 2418 947 2488 erat,
981 2410 1110 2475 Arriani
1143 2410 1312 2477 Anabasin

161 2516 315 2598 legeram,
348 2513 436 2597 quod
470 2535 553 2598 opus
586 2513 637 2579 his
673 2514 791 2580 studiis
824 2505 1025 2579 uacantibus'
1050 2513 1141 2579 uelut
1170 2514 1313 2598 optimus

161 2618 242 2698 fons,
264 2618 351 2683 unde
374 2639 482 2682 rerum
507 2618 677 2683 scientiam
694 2616 861 2696 hauriant,
884 2617 983 2698 uulgo
1000 2615 1173 2681 iudicatur.
1208 2639 1313 2704 neque

162 2723 196 2786 id
226 2722 347 2786 iniuria
375 2719 448 2785 fieri
479 2720 632 2799 arbitror,
667 2720 725 2785 sed
748 2719 880 2784 Arriani
901 2718 985 2783 liber
1007 2718 1234 2803 supplemento
1257 2721 1314 2786 ad·

163 2824 293 2889 modum
316 2829 398 2906 eget.
443 2822 499 2887 ille
529 2824 612 2888 enim
642 2824 694 2887 uir
722 2829 756 2887 et
785 2824 855 2906 ipse
884 2820 1004 2887 bellica
1030 2819 1127 2888 laude
1150 2824 1259 2889 clarus
1280 2831 1314 2890 et

164 2928 263 2992 duces
280 2925 457 2990 Alexandri
475 2925 697 2990 Ptolomaeum
716 2925 1006 3007 Aristobulumque
1028 2945 1138 2991 rerum
1162 2934 1313 2993 auctores

165 3037 296 3095 secutus
319 3029 558 3112 expeditionem
581 3033 711 3093 tantum
738 3029 835 3111 regis,
868 3027 908 3092 id·
931 3025 1020 3110 quod
1042 3027 1159 3093 titulus
1181 3050 1313 3112 quoque

162 3133 236 3197 libri
261 3131 416 3210 declarat,
439 3151 574 3195 narrare
598 3130 661 3196 sibi
685 3132 864 3215 proposuit.
899 3132 1012 3213 itaque
1030 3131 1064 3194 in
1083 3133 1313 3197 enumerandis

164 3236 274 3318 copiis,
297 3236 332 3299 in
350 3235 518 3317 regionum
532 3235 597 3299 situ
611 3234 823 3318 depingendo,
845 3235 878 3298 in
891 3233 1005 3299 ordine
1018 3234 1100 3300 aciei
1112 3236 1313 3318 exponendo,

163 3339 196 3403 in
230 3337 419 3418 itineribus,
459 3338 624 3417 uictoriis,
663 3336 889 3403 obsidionibus
922 3339 1051 3402 curiose
1091 3338 1313 3405 describendis

164 3447 254 3505 totus
278 3446 336 3506 est.
382 3441 485 3505 multa
514 3441 654 3525 denique
684 3441 771 3524 apud
802 3461 876 3505 eum
904 3439 944 3504 de
967 3440 1152 3506 Alexandro
1176 3441 1258 3508 duce
1281 3450 1315 3510 et

164 3545 360 3628 imperatore
388 3544 545 3623 inuenias,
580 3544 620 3610 de
648 3544 777 3610 homine
806 3549 924 3621 autem,
958 3543 997 3606 de
1031 3544 1213 3610 uirtutibus
1243 3547 1314 3611 eius

164 3648 320 3730 uitiisque
355 3668 463 3731 pauca
495 3646 548 3711 uel
582 3647 689 3730 potius
718 3646 809 3711 nihil.
861 3650 975 3710 contra
1005 3644 1148 3726 Curtius,
1181 3650 1214 3712 in
1248 3671 1313 3734 quo

163 3749 301 3814 multum
324 3749 475 3830 rhetoris,
509 3749 621 3814 militis
650 3750 816 3814 minimum
841 3754 901 3828 est,
933 3749 967 3812 in
991 3748 1187 3817 militaribus
1215 3751 1314 3818 rebus

164 3873 263 3936 saepe
285 3851 409 3918 labitur
431 3853 639 3937 grauiterque
662 3858 766 3932 errat3
801 3852 857 3937 qui
888 3869 962 3916 cum
983 3850 1099 3934 talium
1122 3875 1232 3920 rerum
1254 3855 1314 3919 im·

165 3957 288 4040 peritus
328 3962 430 4036 esset,
471 3956 631 4022 Graecum
671 3955 838 4040 exemplar
870 3977 934 4020 non
968 3955 1131 4022 intellexit
1152 3963 1197 4022 et
1230 3955 1314 4022 falso

164 4060 400 4143 interpretatus
434 4065 492 4124 est.
560 4065 594 4125 at
628 4079 752 4123 morum
787 4065 820 4123 et
853 4057 1032 4123 Alexandri
1066 4065 1100 4125 et
1133 4066 1315 4126 ceterorum

166 4162 345 4237 hominum,
381 4162 437 4244 qui
466 4163 532 4226 illis
561 4161 660 4226 rebus
690 4161 918 4240 interfuerunt,
952 4161 1074 4226 claram
1097 4169 1131 4227 et
1152 4163 1315 4227 illustrem

165 4265 338 4348 imaginem
369 4264 464 4330 nobis
492 4264 635 4348 reliquit.
681 4284 814 4329 cernere
842 4262 956 4328 uideor
983 4265 1104 4328 iratum
1131 4286 1241 4348 regern
1271 4264 1315 4330 ad

165 4367 304 4432 militum
326 4366 459 4432 turbam
483 4369 738 4448 contionantem,
760 4365 976 4431 Parmeniona
998 4366 1131 4451 placida
1146 4373 1315 4433 senectute

165 4477 240 4535 ante
264 4476 400 4535 mortem
424 4492 575 4535 securum
598 4471 631 4534 in
654 4469 750 4534 horto
774 4470 983 4553 spatiantem,
1007 4469 1159 4548 Patrona,
1182 4469 1315 4536 fidelem

166 4573 433 4651 mercennarium,
467 4574 564 4638 Darei
594 4594 723 4637 currum
758 4572 814 4637 diu
848 4572 969 4637 frustra
1003 4579 1203 4658 sequentem,
1239 4573 1314 4638 dum

1070 4695 1083 4745 1
