3068 5152
764 347 782 406 ⁷

199 532 359 596 dicantur.
425 533 490 596 iam
524 532 575 596 his
615 532 753 614 deniqne
786 531 1003 614 temporibus,
1043 533 1160 616 quibus
1199 532 1283 596 liber
1314 533 1347 596 in

199 634 324 700 deliciis
343 634 529 699 hominibus
549 656 621 699 esse
640 641 803 718 coeperat,
826 635 967 699 nominis
986 637 1156 717 scriptoris
1175 636 1208 700 in
1220 635 1348 706 litteris.

199 740 226 802 si
250 738 436 802 Hermanno
460 738 603 802 breuero
627 737 796 821 (disputat.
822 738 861 802 de
885 744 996 803 aetate
1019 738 1056 816 Q.
1080 736 1194 815 Curtii,
1218 736 1352 802 Altdorf
1375 733 1380 747 ‘

202 841 297 921 1683)
320 841 490 917 credimus,
514 862 534 903 a
556 840 602 904 lo.
625 840 869 919 Sarisberiensi,
897 842 953 923 qni
977 861 1005 905 a.
1031 839 1240 905 MCLXXXII
1262 861 1348 904 mor-

198 949 276 1007 tuus
299 950 359 1019 est,
383 944 487 1026 primo
511 944 632 1008 mentio
656 950 707 1006 est
729 941 825 1008 faeta.
872 949 1000 1007 tantum
1023 944 1080 1007 uni
1103 944 1208 1009 codici
1231 960 1348 1007 nomen

200 1044 304 1110 Curtii
328 1053 361 1109 et
384 1053 481 1111 antea
504 1047 618 1110 debuit
639 1052 672 1111 et
695 1066 780 1109 nuno
804 1044 909 1110 debet.
1319 1118 1322 1125 ,

286 1147 408 1224 Quodsi
439 1151 504 1214 iam
533 1149 732 1213 recentiores
755 1147 883 1213 codices
907 1169 925 1212 e
947 1148 972 1211 P
997 1155 1088 1213 ortos
1112 1170 1184 1215 esse
1208 1154 1347 1225 constat,

200 1252 280 1316 illud
316 1260 425 1316 tamen
459 1251 656 1332 relinquitur
690 1258 727 1315 ut
760 1272 973 1334 quaeramus,
1008 1273 1086 1316 num
1120 1252 1348 1317 emendatores

200 1376 311 1419 eorum
334 1358 368 1420 in
391 1354 597 1420 recensendis
619 1355 712 1418 libris
734 1390 776 1400 -·
799 1362 832 1419 et
853 1354 921 1419 fere
952 1375 1064 1420 omnes
1092 1355 1221 1419 codices
1249 1355 1348 1420 corri-

200 1465 384 1540 guntur-
406 1459 556 1536 alioruin,
591 1459 648 1540 qui
676 1457 922 1541 aPoriginem
952 1479 1017 1522 nou
1045 1458 1223 1534 traherent,
1257 1456 1348 1521 adiu·

201 1567 311 1625 menta
333 1558 553 1625 adhibuerint.
599 1581 675 1624 nam
698 1560 745 1625 sio
768 1581 908 1643 quoque,
932 1561 995 1626 etsi
1018 1581 1074 1625 eas
1097 1560 1241 1639 mendas,
1265 1580 1349 1644 quac

200 1664 340 1728 Parisini
358 1664 510 1748 propriae
528 1664 669 1742 fuerunt,
693 1684 804 1728 omnes
821 1662 960 1728 tollendi
976 1665 1071 1746 copia
1083 1662 1349 1728 emendatoribus

202 1775 281 1846 erat,
311 1768 385 1832 illae
408 1772 529 1843 tamen,
563 1787 646 1851 quas
671 1787 772 1849 supra
793 1766 975 1849 percensui,
1008 1772 1144 1850 propter
1166 1765 1350 1831 socordiam

202 1870 367 1952 quandam
391 1880 613 1936 correctorum
635 1889 802 1933 remanere
825 1874 1014 1951 potuerunt.
1049 1869 1171 1935 multae
1193 1869 1294 1952 igitur
1315 1869 1349 1932 in

202 1973 253 2038 his
285 1975 523 2040 recentioribus
558 1972 728 2038 codicibus
756 1973 938 2054 scripturae
965 1972 1117 2038 meliores
1146 1977 1223 2037 sunt
1251 1992 1350 2055 quam

202 2077 333 2158 quasP
363 2077 507 2159 praebet.
554 2097 667 2141 earum
696 2075 873 2158 pleraeque
906 2075 1038 2156 quidem
1071 2081 1148 2141 sunt
1181 2075 1350 2153 eiusmodi,

203 2201 284 2261 quas
315 2181 455 2262 diligens
484 2187 517 2245 et
539 2178 616 2244 felix
647 2177 838 2242 emendator
860 2177 957 2242 nullis
980 2178 1179 2243 adiumentis
1201 2178 1294 2242 uisus
1317 2183 1350 2243 et

202 2283 293 2348 uelut
324 2305 383 2348 suo
417 2285 486 2366 ipse
514 2281 620 2347 Marte
649 2303 728 2348 rem.
750 2302 865 2363 gerens
898 2303 962 2346 non
997 2280 1174 2347 difficulter
1208 2282 1351 2364 potuerit

202 2388 357 2453 inuenire.
403 2407 502 2470 quam
525 2386 611 2450 enim
645 2383 873 2450 difficultatem
905 2384 1031 2463 habuit,
1066 2405 1139 2449 cuir¹
1173 2384 1220 2448 lll
1253 2388 1299 2463 13,
1331 2389 1349 2448 6

201 2489 357 2554 librarius
378 2490 520 2554 Parisini
543 2488 677 2553 fallente
706 2488 861 2550 memoria
889 2487 1076 2570 scripsisset
1102 2485 1221 2551 nobiles
1252 2486 1351 2565 uiroc,

199 2598 383 2673 praetorum
410 2592 515 2658 Darei
547 2593 695 2672 coeiupes
728 2589 908 2673 nobilesque
941 2611 1000 2673 pro
1033 2589 1152 2654 nobiles
1185 2591 1228 2668 id,
1263 2574 1351 2673 quod

203 2719 317 2760 sensus
351 2696 551 2779 postulabat,
587 2694 699 2760 liberos
731 2678 899 2777 reponere,
934 2700 993 2758 aut
1024 2693 1067 2757 Vl
1096 2699 1126 2772 5,
1159 2698 1198 2757 23
1226 2696 1259 2758 in
1289 2693 1351 2757 hoc

203 2801 389 2865 enuntiato:
412 2801 521 2879 spado,
545 2799 597 2864 eei
620 2803 648 2862 et
664 2797 795 2862 Dareus
817 2797 967 2862 adsuetus
988 2796 1096 2876 fueret
1117 2801 1148 2861 et
1168 2817 1242 2861 moe
1253 2797 1350 2861 Alere-

202 2905 300 2967 uudcr
328 2904 476 2967 adsueuit
504 2902 641 2966 uerbum
671 2903 830 2980 adsuetus,
863 2900 951 2982 quod
979 2901 1247 2983 praetermissum
1271 2906 1349 2977 erat,

203 3004 347 3068 addere?
391 3005 449 3070 sed
480 3005 642 3088 quaedam
665 3006 795 3070 suntin
820 3004 844 3066 P
873 3006 1005 3082 omissa,
1040 3024 1126 3086 quae
1156 3005 1188 3067 in
1218 3003 1354 3086 reliquis

204 3109 357 3172 restituta
391 3108 577 3186 ostendunt,
612 3107 840 3173 emendatores
875 3108 957 3172 alins
992 3107 1127 3189 originis
1152 3105 1352 3188 exemplaria

202 3211 364 3276 interdum
406 3213 598 3296 inspexisse.
665 3210 717 3275 his
759 3216 869 3276 tamen
901 3211 1027 3275 lacunis
1060 3210 1136 3274 illas
1170 3209 1355 3293 ampliores,

203 3315 320 3397 quasP
338 3316 372 3381 in
391 3316 518 3381 decimo
542 3314 626 3378 libro
651 3321 783 3398 praeter
805 3313 959 3396 uulgatas
982 3322 1015 3379 et
1038 3315 1182 3378 omnium
1205 3312 1354 3377 codicum

204 3441 391 3484 communes
423 3419 512 3485 solus
541 3418 651 3496 habet,
684 3438 767 3502 qnae
790 3437 811 3480 a
833 3438 860 3482 c.
885 3423 914 3497 2,
942 3417 1043 3483 lead
1068 3422 1095 3495 5,
1119 3421 1138 3480 8
1164 3424 1197 3481 et
1219 3438 1238 3481 a
1261 3426 1290 3495 Β,
1316 3419 1354 3480 14

203 3523 245 3586 ad
265 3522 363 3587 finem
381 3522 457 3587 libri
478 3522 653 3603 pertinent,
676 3521 894 3588 accensendas
912 3542 976 3586 non
996 3542 1077 3598 esse,
1102 3520 1208 3585 obiter
1228 3539 1352 3584 mones.

203 3648 267 3690 non
292 3627 376 3690 enim
400 3647 420 3690 a
442 3625 550 3689 scriba
573 3626 695 3692 codicis
719 3626 744 3689 P
768 3625 849 3690 haec
872 3625 997 3690 omissa
1019 3630 1105 3701 sunt,
1140 3623 1197 3688 sed
1221 3628 1354 3705 propter

204 3729 363 3792 incuriam
393 3729 519 3810 aliquot
544 3728 626 3794 folia
648 3728 702 3793 hic
724 3728 970 3794 interciderunt.
1016 3731 1051 3791 at
1074 3725 1134 3790 VII
1160 3729 1186 3802 l,
1215 3729 1265 3802 23,
1297 3724 1354 3789 ubi

203 3832 339 3911 infestes·
361 3833 566 3897 arlmouemus
588 3832 613 3895 P
637 3832 769 3911 omittit,
804 3837 838 3896 et
860 3830 889 3894 X
914 3835 941 3908 1,
974 3834 1022 3907 13,
1057 3829 1112 3893 ubi
1136 3827 1232 3911 plura
1255 3828 1354 3892 etiam

205 3937 529 4017 praetermittuntur:
569 3936 651 3999 inter
689 3955 777 4017 quoe,
816 3933 947 3999 rubrum
985 3953 1071 3998 mure
1103 3952 1167 3997 recu
1201 3952 1220 3996 a
1253 3930 1356 3996 colore

204 4039 370 4116 undarum,
401 4043 435 4101 ut
449 4038 597 4120 plerique
619 4040 786 4117 crederent,
816 4039 874 4102 etsi
899 4038 960 4103 hoc
983 4036 1115 4123 quidem
1137 4035 1210 4099 loeo
1234 4035 1355 4099 omissa

205 4141 308 4206 uerba
331 4163 370 4204 ex
393 4139 468 4204 Vlll
493 4144 520 4218 9,
547 4145 584 4206 14
607 4141 753 4226 suppleri
776 4148 964 4223 potuerunt,
992 4147 1100 4204 tamen
1129 4139 1355 4203 additamenta

205 4267 243 4308 ex
275 4246 361 4310 bono
396 4244 520 4323 codice,
554 4266 619 4310 non
648 4266 688 4310 ex
716 4245 936 4310 emendatoris
964 4243 1094 4326 ingenio
1130 4241 1251 4306 hausta
1281 4261 1355 4305 esse

205 4349 367 4412 uidentur.
401 4369 478 4413 nam
500 4370 565 4413 non
589 4347 693 4412 solum
710 4369 817 4413 sermo
837 4346 1028 4411 Curtianum
1053 4348 1148 4428 sepit,
1173 4343 1232 4409 sed
1256 4343 1355 4407 ctiam

207 4452 507 4534 praetermissionis
541 4470 650 4529 causa,
684 4471 769 4534 quae
802 4449 977 4532 utrobique
1005 4447 1269 4513 homoioteleutis
1297 4446 1355 4511 tri-

208 4556 336 4620 buenda
358 4563 418 4632 est,
441 4554 651 4638 intellegitur.
