3068 5152
748 401 786 461 30

277 585 444 650 Absolutis
476 587 541 649 iam
569 585 620 649 his
649 584 824 665 deformis
847 585 1042 668 quibusdam
1067 571 1343 670 quaestiunculis

189 687 231 752 ad
255 709 311 752 eas
335 688 590 766 emendationes,
621 687 740 770 quibus
762 709 816 752 res
840 695 872 751 et
896 710 1009 752 sensus
1033 694 1204 768 tractatur,
1227 690 1344 769 ueni03

189 797 288 872 atque
318 790 474 874 pleraque
504 789 636 873 quidem
666 792 736 872 ipse
771 790 944 855 emendare
978 791 1130 869 conabor,
1165 791 1343 874 adiungam

189 900 299 957 tamen
329 895 362 959 in
392 901 586 960 transcursu
613 914 677 957 non
712 913 828 976 pauca,
863 877 956 974 quae,
991 895 1142 976 quamuis
1171 894 1297 976 pridem
1324 917 1362 959 a·

191 995 295 1060 doctis
318 995 505 1061 hominibus
529 995 697 1077 ingeniose
720 997 857 1060 inuenta
885 998 959 1074 sint,
993 998 1026 1059 in
1057 996 1216 1061 editiones
1245 1018 1343 1062 nemo

189 1099 315 1182 recipit,
338 1098 436 1163 oredo
460 1099 539 1181 quia
561 1097 703 1162 editores
728 1099 824 1180 plano
847 1098 1050 1178 fefellerunt3
1084 1099 1166 1164 adeo
1195 1106 1285 1164 certa
1310 1106 1345 1164 et

188 1202 376 1266 necessaria
399 1207 487 1265 sunt.

274 1305 321 1368 III
340 1309 368 1383 2,
392 1308 412 1367 4
431 1303 523 1368 codd.
544 1303 636 1367 Medi
656 1304 757 1367 decem
775 1305 923 1385 equitum,
948 1305 1179 1386 quinquaqinta
1192 1307 1344 1385 peditum

189 1406 346 1471 dedebent.
380 1414 470 1472 recte
495 1405 685 1470 desiderant
703 1407 846 1472 editores
862 1407 961 1484 melio,
988 1406 1045 1471 sed
1068 1406 1253 1472 addendum
1276 1408 1344 1475 hoc

189 1510 329 1574 uerbum
346 1510 463 1574 nonin
482 1508 663 1591 posteriore
683 1509 839 1586 membro,
863 1532 976 1574 uerum
994 1516 1054 1574 aut
1070 1516 1147 1592 post
1164 1517 1342 1595 utrumque

188 1634 375 1689 numerum,
416 1611 569 1695 quoniam
609 1610 657 1674 ita
696 1612 859 1677 interdum
899 1614 1039 1678 iteratur
1079 1613 1217 1679 uerbum
1257 1615 1341 1697 (uid.

189 1715 347 1780 Wdlfflin.
372 1716 414 1779 ad
439 1713 511 1780 Liu.
535 1714 611 1780 XXI
635 1719 684 1794 23,
710 1716 741 1796 1)
765 1722 832 1792 aut,
863 1715 894 1779 id
924 1717 1013 1799 quod
1036 1714 1166 1780 facilius
1189 1715 1234 1795 fit,
1264 1727 1343 1800 post

190 1821 330 1900 priorem
352 1825 491 1884 tantum.

303 1920 345 2001 ’2,
371 1923 438 1987 sP
469 1944 488 1988 o
515 1921 630 2003 Cuspio
663 1924 746 1987 mori
781 1927 846 1986 octo
879 1921 978 1998 milio,
1006 1923 1156 2000 pedester
1190 1924 1343 1987 exereitus

188 2030 325 2103 creuerat,
361 2026 487 2090 decenti
521 2028 647 2108 equites.
694 2027 758 2090 duo
793 2025 868 2089 hinc
895 2031 984 2090 recte
1012 2023 1096 2089 effici
1131 2046 1227 2108 posse
1261 2026 1342 2091 mihi

190 2128 352 2205 uidentur,
377 2135 410 2192 et
434 2133 499 2193 octo
522 2129 621 2206 mitio,
638 2130 788 2210 pedester
811 2148 867 2203 eea,
891 2132 1041 2192 acuerant
1059 2135 1099 2205 et,
1124 2128 1212 2210 quod
1230 2149 1342 2194 recen·

189 2230 328 2294 tioribus
356 2230 450 2294 libris
480 2232 614 2313 placuit,
648 2235 714 2295 octo
744 2230 868 2294 erilium
897 2250 929 2310 p.
954 2249 978 2293 e.
1025 2230 1083 2294 sed
1105 2238 1142 2295 ut
1164 2237 1341 2315 utrumque

188 2339 277 2398 recte
302 2333 432 2411 dicitur,
455 2335 504 2396 ita
519 2335 558 2397 'in
579 2334 641 2398 hac
660 2334 822 2397 exercitus
841 2334 1041 2411 recensione,
1064 2333 1121 2397 ubi
1139 2334 1178 2398 de
1196 2338 1340 2400 numeris

190 2437 357 2518 copiarum
387 2438 527 2501 maxime
558 2437 675 2518 agitur,
711 2437 820 2518 aptius
853 2438 1009 2499 numerus
1043 2437 1112 2518 ipse
1142 2444 1231 2502 recto
1261 2458 1341 2503 casu

190 2538 364 2621 praecedit,
389 2540 538 2622 sequitur
561 2559 618 2621 per
641 2539 878 2621 appositionem
903 2558 1005 2620 genus
1029 2539 1177 2603 militum.
1224 2540 1341 2605 similis

189 2648 240 2706 est
274 2643 437 2725 appositio
471 2641 519 2706 Ill
551 2646 578 2720 9,
607 2648 627 2706 4
662 2640 824 2724 ‘pedester
858 2642 955 2718 acies,
989 2641 1208 2724 quadraginta
1241 2645 1341 2722 milia,

189 2743 427 2828 sequebantur’.
815 2742 817 2746 ⁴

188 2954 237 3016 eui
251 2956 454 3031 praeceptum
477 2971 495 3014 e
518 2971 598 3033 reqe,
623 2971 730 3016 omues
745 2952 935 3031 peseqm'uos
957 2949 1070 3014 milites
1092 2986 1135 2994 -
1158 2969 1176 3014 e
1196 2949 1340 3015 Pherae-

189 3053 263 3118 beao
286 3055 444 3134 occiperet.
490 3055 663 3138 requirunt
686 3055 787 3118 ceteri
811 3054 939 3119 codices
964 3060 996 3117 et
1019 3057 1067 3116 est
1089 3060 1163 3135 post
1189 3074 1339 3133 proecep-

188 3162 252 3220 tum
275 3163 308 3220 et
330 3163 367 3221 ut
387 3164 461 3239 post
483 3176 563 3238 reqe,
586 3176 724 3237 quorum
749 3164 856 3220 tamen
879 3164 1033 3221 neutrum
1050 3162 1178 3220 tantum
1196 3159 1341 3220 necessi-

187 3261 265 3324 tatis
288 3259 398 3337 habet,
433 3265 469 3322 ut
501 3259 576 3323 ideo
611 3258 653 3322 ab
682 3260 880 3323 auctoritate
911 3259 1025 3342 optimi
1060 3258 1135 3322 libri
1170 3258 1339 3322 discedere

77 3358 81 3368 “
187 3363 294 3426 liceat.
330 3382 405 3424 nam
430 3368 462 3425 et
485 3361 578 3425 uerbi
601 3360 801 3425 substantiui
824 3361 948 3426 formae
966 3367 1013 3425 est
1031 3369 1130 3444 atque
1148 3367 1224 3424 seut
1240 3381 1339 3445 saepe

189 3465 288 3528 otiam
311 3486 331 3528 a
354 3485 472 3546 prosae
497 3463 653 3529 orationis
678 3463 891 3546 scriptoribus
921 3466 1230 3547 praetermittuntur
1252 3463 1339 3546 apud

188 3567 397 3650 participium
436 3565 575 3650 perfecti
607 3567 766 3648 temporis
799 3567 833 3631 in
866 3566 960 3632 breui
995 3567 1157 3631 sententia
1190 3566 1340 3645 relatiua,

189 3671 327 3735 maxime
358 3669 417 3733 ubi
443 3671 494 3734 uis
524 3669 655 3734 relatiui
685 3671 885 3752 pronominis
914 3691 978 3734 non
1002 3669 1139 3733 multum
1163 3691 1183 3734 a
1206 3670 1338 3734 demon-

188 3774 328 3837 stratiuo
362 3770 480 3851 differt,
513 3772 606 3838 uelut
629 3772 690 3836 VII
716 3776 762 3852 11,
790 3777 827 3837 19
857 3775 907 3837 ‘ex
937 3793 1001 3856 quo
1032 3772 1256 3837 intellectum’.
1301 3772 1337 3835 T.

189 3876 274 3939 Liuii
296 3876 326 3938 X
351 3878 399 3950 17,
425 3878 444 3937 8
468 3875 571 3940 ‘miles
594 3876 718 3956 ingenti
743 3875 866 3959 praeda
893 3876 1028 3959 potitus,
1059 3895 1156 3956 quam
1185 3875 1337 3951 uendere,

187 3980 271 4042 sicut
294 3979 445 4060 priorem,
470 3978 636 4056 ooactus'q
653 3998 678 4041 c.
704 3982 753 4052 21,
777 3983 795 4041 8
819 3982 913 4063 ‘quae
935 3978 1121 4042 Minturnae
1146 3978 1335 4061 appellata'3

189 4085 282 4159 27,4
313 4081 450 4144 ‘dimissi
485 4102 556 4145 oum
592 4081 709 4159 donis’3
744 4081 820 4144 VIII
858 4086 904 4161 19,
932 4085 952 4142 4
982 4083 1075 4164 ‘quae
1107 4079 1207 4144 Uacci
1241 4088 1338 4165 prata

188 4183 375 4267 appellata,
404 4190 504 4266 atque
535 4183 651 4248 crebro
682 4182 777 4261 alibi3
801 4175 895 4248 et‘-
920 4205 996 4248 nam
1019 4184 1081 4247 hoc
1104 4182 1243 4247 alterum
1266 4190 1338 4246 erat

188 4321 228 4330 -
252 4289 400 4370 sequitur
423 4286 650 4351 coniunctiuus
672 4306 737 4349 non
761 4286 875 4350 addito
897 4292 934 4350 ut
955 4286 1090 4350 uerbum
1115 4285 1337 4368 praecipiendi

188 4385 284 4454 etiam
318 4386 409 4454 Caes.
440 4388 476 4451 B.
510 4388 546 4452 G.
578 4387 605 4452 V
636 4392 691 4467 583
726 4387 801 4453 Sall.
836 4388 904 4470 lug.
941 4392 998 4468 28,
1031 4387 1102 4452 Liu.
1127 4387 1221 4452 VIIII
1244 4391 1293 4466 27,
1320 4391 1337 4449 7

189 4493 318 4575 ‘quibus
341 4500 554 4575 praeceptum
580 4498 660 4567 erat,
689 4492 881 4575 intentiores
906 4496 1047 4569 starent;
1082 4489 1205 4554 XLIIII
1229 4494 1278 4568 27,
1304 4495 1338 4568 9;

189 4594 270 4658 Plin.
295 4594 399 4678 Epist.
424 4592 482 4656 VII
514 4597 605 4672 24,5
638 4594 775 4676 ‘semper
810 4615 844 4658 se
879 4593 990 4676 nepoti
1026 4613 1085 4656 suo
1120 4593 1339 4677 praecepisse,
