3068 5152
716 407 774 468 101

254 592 344 656 Haec
366 613 439 656 curn
461 592 606 657 uiderem
624 599 657 657 et
668 591 707 669 Β,
733 593 831 656 etiam
854 591 969 668 altera,
993 613 1091 675 qnam
1113 612 1316 672 noceremus,

167 694 307 759 Parisini
347 694 470 758 codicis
514 714 614 758 manu
653 700 762 759 aetate
799 694 964 759 interdum
1004 695 1207 778 superiorem
1246 715 1318 759 6666

166 795 400 879 intellegerem,
433 818 473 861 ex
506 817 571 878 quo
606 795 791 860 Parisinum
821 796 941 860 librum
971 797 1041 880 ipse
1070 796 1202 876 contuli,
1237 797 1319 860 nihil

167 900 335 980 antiquius
358 897 470 978 habui,
495 918 592 979 quam
616 905 653 962 ut
676 897 937 980 Bongarsianum
960 899 1052 963 illum
1074 900 1317 981 inuestigarem.

166 1022 264 1084 quem
287 1021 361 1065 cum
384 1021 585 1085 quaererem,
609 1001 772 1083 gradatim
796 1002 936 1067 maxime
965 1000 1003 1066 U.
1026 1001 1172 1079 Roberti‚
1203 1000 1258 1085 qui
1285 1003 1319 1065 in

167 1103 369 1168 bibliotheca
402 1103 580 1169 Parisiensi
620 1123 640 1166 a
680 1102 774 1168 libris
808 1125 908 1169 manu
944 1104 1076 1186 scriptis
1110 1111 1175 1183 est,
1215 1111 1248 1168 61
1281 1103 1317 1169 L.

168 1205 354 1286 Martensii,
395 1205 624 1288 philosophiae
658 1204 802 1269 doctoris
836 1204 1105 1285 Elberfeldensis,
1145 1227 1246 1289 opera
1280 1227 1318 1272 eo

168 1306 314 1373 adducta
335 1330 388 1373 res
411 1315 471 1387 661,
500 1315 537 1372 61
559 1308 674 1372 scirem
696 1309 731 1371 in
752 1307 953 1373 bibliotheca
984 1307 1147 1373 Uaticana
1175 1308 1319 1374 codicem

169 1430 240 1475 esse
260 1409 352 1491 (Reg.
367 1410 453 1491 971),
476 1411 533 1492 qui
556 1431 595 1474 ex
616 1412 687 1493 ipso
706 1411 865 1490 Parisin0,
888 1409 977 1475 nullo
1000 1411 1112 1476 codice
1134 1411 1317 1490 interiectu,

168 1513 327 1596 originem
356 1512 487 1577 trahere
510 1513 687 1577 uideretur.
733 1514 760 1576 is
787 1514 835 1578 ita
857 1513 1119 1578 describebatur:
1150 1513 1319 1578 ‘membra-

169 1636 289 1680 naceus
323 1616 426 1680 codex
459 1615 748 1695 duodenonaginta
780 1615 940 1695 foliorum,
973 1616 1006 1679 in
1041 1615 1149 1680 Gallia
1183 1623 1319 1681 exeunte

170 1717 363 1783 duodecimo
387 1718 517 1783 saeculo
546 1718 708 1801 scriptus’.
754 1739 793 1782 ex
823 1716 885 1782 hoc
912 1719 1014 1800 igitur
1040 1717 1125 1783 libro
1155 1719 1212 1784 illa
1240 1718 1319 1782 mihi

170 1821 311 1904 primum
334 1820 569 1885 enotabantur:

255 1922 356 2001 1113,
383 1928 398 1988 1
423 1924 475 1988 eui
494 1928 697 2004 praeceptum
719 1927 768 1988 est
789 1943 808 1987 6
829 1943 909 2005 repe,
942 1928 978 1987 ut
1004 1943 1112 1988 omues
1133 1924 1320 2005 peregrinos

168 2024 287 2090 milites
309 2033 386 2090 cett.
420 2026 455 2090 in
477 2025 503 2089 P
527 2027 711 2109 posteriore
733 2046 834 2090 manu
857 2029 905 2090 est
926 2031 960 2089 et
980 2033 1016 2090 ut
1037 2025 1152 2090 addita
1174 2031 1260 2091 sunt.

297 2132 326 2207 5,
350 2132 368 2192 5
391 2147 456 2191 uou
477 2128 513 2192 iu
530 2127 734 2206 6616661166,
757 2147 822 2191 uou
844 2125 881 2192 ob
898 2127 985 2192 hoste
1002 2128 1122 2192 iactum.
1155 2129 1204 2193 ita
1221 2129 1319 2193 etiam

169 2229 194 2292 P
216 2252 275 2314 pro
299 2230 459 2295 deiectum.

300 2337 348 2410 11,
373 2335 456 2397 3-4
474 2332 598 2415 iupipre
626 2334 764 2416 exsequi.
787 2333 912 2414 iamque
933 2333 1003 2414 ipse
1023 2334 1059 2399 iu
1081 2334 1219 2399 ruediuru
1243 2331 1320 2398 Per-

167 2454 278 2500 sarum
299 2435 440 2518 uudique
462 2435 648 2516 circumfusi
670 2437 793 2518 egregie
816 2437 992 2502 tuebuntur.
1023 2436 1110 2501 idem
1132 2435 1157 2500 P
1184 2442 1197 2497 1
1224 2457 1276 2515 m.,
1301 2440 1320 2503 2

168 2537 243 2618 ipsi,
283 2558 383 2622 quam
417 2540 651 2603 correctionem
684 2546 759 2622 post
793 2539 991 2621 descriptum
1014 2538 1040 2601 B
1053 2579 1064 2617 1
1100 2538 1222 2605 factam
1252 2559 1319 2604 esse

171 2639 401 2722 intellegimus.
811 2724 813 2729 Ι

302 2743 370 2807 ibd.
395 2740 412 2824 ξ
435 2746 475 2806 23
503 2743 559 2826 qui
587 2763 656 2808 oum
679 2742 789 2808 Dareo
820 2741 1052 2808 tcberuucuiuru
1080 2747 1320 2808 euoruuueruut.

173 2843 254 2908 illud
277 2864 346 2908 urru
368 2849 401 2909 in
424 2844 448 2907 P
472 2847 650 2927 posteriore
672 2867 771 2910 manu
793 2846 997 2928 adscriptum
1020 2854 1078 2910 661.

303 2952 351 3026 la,
375 2951 415 3011 27
445 2947 520 3012 Ioui
546 2946 642 3031 utque
660 2949 790 3013 Herculi
811 2949 1046 3030 Mineruaeque.
1091 2947 1116 3010 P
1139 2953 1179 3023 61,
1210 2946 1322 3029 66616·

70 3090 74 3095 -
171 3068 272 3132 snpra
293 3072 436 3129 uersum,
459 3052 618 3116 incertum
646 3057 659 3118 l
685 3073 725 3116 an
750 3056 768 3114 2
792 3071 899 3128 manu,
924 3049 1066 3114 additur.

260 3151 326 3215 1111
351 3157 377 3230 1,
404 3157 442 3217 18
464 3158 571 3218 morie.
616 3154 703 3219 idem
727 3154 751 3217 P
777 3158 790 3216 l
817 3175 869 3232 m.;
894 3155 912 3215 2
936 3153 1038 3216 666611.

348 3259 376 3335 2,
402 3261 441 3320 14
463 3253 501 3321 ab
523 3257 685 3321 6661661666.
719 3257 806 3321 idem
828 3255 863 3333 P,
887 3256 989 3319 ceteri
1012 3252 1049 3320 ab
1073 3253 1138 3336 (666)
1162 3255 1318 3321 interiore.

349 3361 418 3438 3,5
465 3359 569 3424 omitt.
603 3358 742 3438 66611661,
774 3377 879 3441 neque
907 3359 941 3422 in
968 3356 993 3419 P
1022 3359 1087 3422 nisi
1116 3378 1189 3422 6666
1222 3378 1321 3422 manu

173 3459 310 3524 uerbum
333 3460 474 3525 additur.
805 3456 809 3464 ’

348 3568 378 3641 4,
405 3566 487 3627 3-4
512 3564 627 3628 deiude
650 3585 668 3630 6
691 3564 790 3644 sopite
816 3563 911 3628 ruoiis
939 3583 1052 3627 rursus
1081 3562 1144 3627 ulto
1173 3561 1323 3627 iuuersit

172 3683 208 3729 66
229 3666 321 3729 ruodo
336 3684 397 3744 per
418 3665 525 3730 uudus
547 3665 687 3730 emiueus
705 3686 821 3749 ruopuo
837 3667 889 3730 sui
902 3670 994 3746 purte
1015 3663 1196 3745 superfusis
1218 3664 1321 3744 116611-

173 3786 229 3831 cus
251 3767 379 3831 conditu
402 3774 478 3832 cett.
523 3767 557 3831 in
579 3768 684 3833 tribus
707 3769 760 3834 hic
782 3774 856 3833 arta
877 3769 964 3832 inter
986 3768 1114 3833 codices
1138 3767 1320 3831 necessitas

173 3869 303 3934 eminet.
348 3890 423 3934 nam
454 3876 488 3936 et
513 3878 652 3954 uterque
680 3891 715 3935 se
737 3876 813 3936 ante
835 3871 981 3934 inmersit
1003 3877 1102 3953 atque
1127 3871 1220 3934 ruodo
1247 3872 1322 3951 post

166 3977 261 4052 purte
295 3973 426 4051 omittit,
460 3979 493 4039 et
520 3992 616 4053 super
641 3974 746 4038 uudus
767 3975 802 4038 in
824 3972 961 4055 reliquis
985 3972 1155 4037 codicibus
1177 3992 1237 4055 pro
1258 3990 1321 4051 per

173 4075 278 4139 uudus
300 4081 357 4138 661.

257 4175 414 4241 Maiorem
446 4176 522 4241 inde
551 4183 728 4259 perpetuae
762 4178 918 4242 orationis
951 4183 1078 4259 partem
1111 4175 1255 4259 expetiui
1289 4178 1322 4239 et

172 4277 267 4343 facile
291 4279 430 4362 adeptus
453 4300 535 4357 sum,
559 4280 652 4343 cuius
676 4297 751 4342 cum
774 4280 892 4344 6616616
918 4277 1083 4343 codicibus
1106 4278 1322 4361 comparatio·

171 4401 246 4444 nem
270 4382 316 4444 616
338 4382 524 4446 instituam:
