3082 5152
748 351 789 411 70

197 556 292 618 saepe
326 536 425 600 ‘haud
457 535 573 613 dubie’,
612 542 649 600 ut
688 535 832 618 procliue
865 541 952 601 esset
984 536 1092 601 ‘haud’
1126 558 1200 601 oum
1233 538 1338 603 uerbo

197 660 326 722 quoque
365 637 536 702 dubitandi
582 640 778 720 coniungere
817 673 858 683 -
892 641 924 701 in
964 638 1038 703 aliis
1077 645 1188 704 autem
1227 639 1340 705 uerbis

196 763 383 823 numquam.
852 728 857 737 ⁴

324 850 352 924 7,
380 851 399 907 4
428 847 461 907 in
487 844 512 906 P
536 845 622 909 Mod.
657 850 675 907 2
710 845 803 910 class.
848 846 941 911 deest
973 849 1003 909 et
1031 850 1108 909 ante
1136 844 1269 922 Tanain,
1289 852 1339 921 ,et

196 955 290 1021 recte,
313 948 442 1030 quidem
471 951 582 1028 abest,
614 970 689 1013 nam
712 949 831 1014 Tanais
860 956 893 1013 et
914 949 1036 1013 Bactra
1066 946 1210 1011 eiusdem
1232 949 1339 1030 regio-

197 1053 246 1116 nis
269 1057 355 1115 sunt.

324 1157 352 1225 7,
381 1158 401 1217 8
423 1153 633 1235 (Alexander)
664 1156 706 1218 ad
731 1138 996 1234 superstitionem,
1025 1152 1232 1217 bumanorum
1253 1173 1341 1216 meo·

196 1257 274 1321 tiam
292 1255 449 1334 'ludibria
478 1256 649 1321 reuolutus.
700 1258 748 1322 ita
777 1256 875 1339 uulgo
903 1256 1056 1335 editores,
1085 1260 1119 1319 et
1147 1256 1216 1320 sine
1240 1254 1342 1321 dubio

195 1364 283 1424 recte
316 1381 356 1424 ex
390 1360 628 1440 emendatione,
666 1360 735 1449 siue
768 1360 826 1424 illa
858 1359 944 1422 Iunii
978 1358 1046 1422 siue
1081 1357 1234 1422 Palmerii
1269 1358 1343 1438 fuit,

98 1525 101 1532 ,
195 1463 371 1528 ‘mentium’
389 1484 448 1546 pro
468 1463 616 1527 codicum
634 1461 797 1545 ‘gentium’
814 1462 1008 1526 rest'tuitur.
1031 1482 1124 1526 secus
1148 1461 1227 1525 mihi
1250 1463 1343 1526 uide-

195 1572 249 1629 tur
270 1600 312 1611 ·-
334 1587 408 1630 nam
432 1567 581 1648 quamuis
605 1567 757 1647 exiguum
781 1566 833 1642 sit,
856 1571 965 1629 tamen
984 1585 1048 1628 nou
1071 1564 1276 1628 reticendum
1298 1600 1337 1610 -

196 1689 288 1732 secus
311 1669 412 1751 igitur
434 1669 468 1732 in
492 1667 653 1733 ‘ludibria’
676 1669 816 1745 uidetur,
848 1667 935 1751 quod
958 1673 1087 1731 mutata
1108 1667 1343 1733 terminatione

195 1792 253 1853 pro
277 1771 424 1835 codicum
454 1770 615 1835 ‘ludibrio’
645 1772 813 1854 recipitur.
859 1773 969 1836 uerius
999 1771 1094 1848 onim,
1124 1771 1279 1852 quoniam
1309 1771 1344 1834 id

195 1894 312 1938 nomen
335 1875 521 1957 appositiue
545 1895 618 1938 cum
641 1875 798 1954 singulari
820 1895 955 1939 numero
978 1873 1194 1954 coniungitur,
1218 1873 1252 1936 in
1276 1874 1343 1937 sin·

193 1976 339 2057 gularem
362 1976 535 2042 ludibrium
557 1977 793 2055 emendabitur,
824 1998 883 2042 nec
906 1998 983 2041 sane
1012 1974 1187 2053 difficilius,
1221 1975 1249 2039 si
1272 1977 1343 2058 qui-

195 2080 268 2144 dem
301 2082 408 2145 exitus
442 2080 514 2144 ‘um’
549 2087 581 2144 et
615 2080 654 2144 ‘o'
688 2080 802 2146 crebro
837 2085 1075 2163 permutantur.
1127 2084 1226 2161 atque
1261 2078 1345 2143 haec

133 2208 137 2229 ·
195 2183 378 2248 emendatio
406 2185 471 2248 iam
500 2205 539 2246 ex
567 2183 710 2247 editione
739 2182 885 2247 Merulae
914 2185 997 2247 sumi
1024 2202 1119 2265 posse
1148 2181 1278 2246 dicitur.
1301 2217 1346 2226 —

193 2285 271 2349 ibid.
296 2284 313 2367 ἓ
339 2285 412 2350 1οΡ
434 2287 492 2350 sed
506 2287 678 2350 necessitas
695 2291 767 2349 eote
782 2287 936 2350 rationem
958 2290 1012 2366 est,
1035 2285 1172 2350 maxime
1193 2284 1229 2349 ia
1253 2284 1344 2363 bello,

194 2390 278 2470 quod
295 2388 380 2471 (sine
397 2388 506 2464 dubio,
531 2409 606 2452 cum
624 2388 696 2452 edd.
718 2393 794 2452 vett.
819 2388 938 2452 scribd.
962 2387 1036 2470 qao)
1055 2408 1128 2452 roro
1141 2388 1346 2467 permittitur

196 2491 439 2573 temporetepere,
474 2493 506 2556 id
536 2498 587 2555 est
615 2496 754 2572 temporo
783 2490 908 2572 elegere,
945 2512 1042 2574 quam
1072 2490 1164 2555 uerbi
1201 2491 1344 2573 eligendi

194 2593 460 2677 orthographiam
484 2595 584 2658 etiam
605 2594 635 2657 X
657 2598 685 2672 2,
708 2597 728 2656 8
752 2595 786 2656 in
809 2592 833 2656 P
857 2593 995 2675 repperi.

323 2702 351 2775 7,
374 2701 415 2760 24
438 2703 472 2761 et
494 2701 534 2762 25
557 2696 582 2760 P
606 2696 814 2761 membranae
837 2696 947 2777 Medii,
978 2715 1060 2777 quas
1083 2696 1139 2759 ille
1161 2702 1269 2761 tamon
1288 2699 1343 2763 hic

195 2808 326 2867 secutus
348 2822 412 2865 non
435 2806 494 2879 est,
517 2799 575 2863 Pal
595 2807 608 2862 1
629 2799 774 2880 Eriperes
792 2819 908 2864 orosae
930 2820 999 2863 meo
1021 2805 1052 2863 et
1072 2805 1191 2864 secrete
1215 2806 1243 2863 te
1263 2821 1340 2881 pro-

195 2907 284 2969 dente
305 2904 459 2986 cognouit,
489 2923 579 2984 quem
600 2907 725 2983 cetrum,
753 2903 933 2982 mehercule,
962 2901 1056 2966 babeo
1079 2907 1221 2966 ortorum
1242 2903 1342 2967 iater-

193 3013 278 3087 prete
310 3007 360 3071 ati
391 3012 476 3071 meta
507 3026 582 3085 sao,
617 3005 675 3070 tibi
708 3011 811 3070 eutem
844 3005 898 3087 pai
930 3006 1069 3085 saepias,
1104 3025 1196 3086 quom
1227 3011 1341 3086 potest,

195 3110 370 3190 deaaatiot,
397 3110 462 3190 ipsi
482 3110 561 3173 mibi
582 3109 710 3187 indices
741 3109 818 3189 qaid
839 3109 923 3173 extis
945 3110 1136 3189 cognosceris,
1170 3130 1210 3172 ae
1230 3111 1343 3189 possis

194 3214 328 3292 infitiari
351 3213 480 3293 discisso,
502 3232 581 3294 qaae
603 3212 735 3276 discate.
769 3213 802 3274 in
825 3211 960 3294 reliquis
984 3211 1151 3276 codicibus
1163 3212 1342 3278 ‘denuntio'

195 3322 254 3395 est,
282 3316 315 3380 in
346 3315 457 3379 multis
481 3317 580 3379 etiam
604 3314 679 3396 ‘qui'
703 3314 882 3393 omittitur3
917 3320 951 3377 ot
984 3320 1082 3391 certe,
1117 3317 1172 3397 qui
1202 3315 1341 3397 primam

194 3418 287 3483 uerbi
321 3438 494 3501 personam
528 3415 733 3498 (‘denuntio’)
768 3415 931 3497 flagitent,
969 3418 992 3479 ii
1026 3417 1126 3480 etiam
1160 3439 1340 3500 pronomen

192 3521 369 3585 relatiuam
397 3521 662 3602 praetermittant
690 3540 822 3583 neeesse
852 3526 910 3596 est,
945 3519 1042 3601 quod,
1074 3540 1138 3602 quo
1168 3522 1340 3602 pertineat,
1414 3547 1417 3554 ¹

165 3659 167 3663 ·
195 3624 244 3688 ita
277 3645 343 3688 non
376 3618 486 3688 habet.
530 3628 660 3687 rectene
694 3623 794 3704 igitur
828 3624 927 3687 tertia
961 3644 1102 3706 persona
1135 3624 1168 3688 iu
1202 3625 1340 3706 primam

194 3726 360 3791 mutatur?
394 3746 498 3808 neque
517 3726 702 3790 necessaria
720 3725 777 3790 illa
793 3727 954 3791 correctio
974 3733 1033 3803 est,
1056 3747 1173 3810 neque,
1196 3728 1222 3791 si
1240 3748 1340 3810 quae·
1374 3735 1378 3742 '

193 3831 286 3907 ritur,
312 3829 380 3893 ullo
398 3830 494 3894 modo
512 3827 590 3893 ferri
614 3835 721 3911 potest
744 3850 839 3913 quae.
886 3830 972 3893 enim
991 3849 1091 3893 causa
1113 3851 1185 3894 esse
1211 3830 1340 3910 dicitur,

195 3953 252 3997 our
270 3932 312 3996 ab
325 3932 517 3997 Aristandro
535 3953 659 4014 auguro
677 3937 832 3996 accurata
848 3932 1013 3996 nuntiatio
1032 3933 1153 3996 iterum
1170 3935 1340 4014 exigatur?

195 4056 310 4118 nempe
334 4055 374 4099 ne
405 4035 551 4100 hariolus
578 4040 684 4116 neget,
715 4055 750 4098 se
772 4034 903 4118 Erigyio
926 4036 1036 4099 tristia
1059 4056 1154 4099 sacra
1177 4056 1246 4100 θεεθ
1270 4037 1340 4100 dix-

193 4140 258 4203 isse
282 4137 347 4220 (‘ne
371 4138 477 4221 possis
499 4137 633 4203 infitiari
656 4138 786 4218 dixisse,
815 4158 899 4221 quae
929 4137 1084 4219 dixeris’).
1130 4140 1221 4222 atqui
1243 4139 1339 4204 Alexr

194 4242 305 4318 ander,
340 4247 378 4305 ut
400 4241 640 4322 expeditionem
662 4243 696 4304 in
721 4240 857 4324 Scythas
880 4240 1013 4320 faceret,
1041 4241 1129 4306 laeta
1151 4262 1246 4307 sacra
1269 4263 1340 4307 esse

194 4364 391 4426 magnopere
421 4339 584 4425 cupiebat.
629 4345 740 4427 itaque
770 4344 825 4407 ille
853 4343 986 4426 quidem
1020 4344 1100 4407 nihi]
1133 4344 1271 4424 laborat,
1305 4354 1341 4411 ut

194 4466 297 4526 augur
331 4444 611 4510 obnuntiationem
644 4447 750 4509 iteret.
803 4451 928 4528 quanto
963 4452 1072 4509 autem
1105 4448 1215 4512 uerius
1249 4449 1282 4510 in
1315 4449 1340 4511 P

193 4546 342 4632 Erigyius
367 4546 549 4612 subiectum
571 4547 664 4612 uerbi
687 4547 899 4615 denuntiandi
923 4548 993 4613 est?
1016 4549 1044 4612 is
1066 4549 1161 4628 enim,
1185 4551 1340 4631 quoniam
