3068 5152
744 363 783 420 44

107 566 112 575 ’
190 566 294 626 neque
329 545 415 610 enim
448 567 519 610 cnm
543 544 686 610 ‘aridam’
708 545 786 609 licet
812 566 917 628 neque
946 568 1020 610 cum
1044 544 1171 610 ‘iacere’
1194 547 1339 629 —quin

190 648 416 713 emendatione
451 669 531 731 opus
566 649 619 724 sit,
652 647 734 712 nihil
767 647 938 730 ambigam.
985 649 1042 713 sed
1066 649 1154 731 quod
1179 647 1337 727 ‘aridam’,

190 751 326 815 uerbum
346 752 378 815 in
396 752 509 816 haere
527 752 737 833 aptissimum,
760 750 898 830 tollitur,
922 751 1172 835 improbandum
1191 751 1337 831 uidetur3

188 876 228 917 ne
251 855 326 934 ‘igni
349 855 471 938 aptam’
495 854 634 938 quidem,
661 876 718 936 pro
742 875 806 937 quo
827 855 900 933 ‘igni
924 855 1040 918 alendo
1064 850 1185 938 aptam’
1204 874 1339 939 exspec7

188 956 309 1036 tabam,
341 956 482 1021 libenter
516 958 705 1039 acceperim.
751 958 863 1040 itaque
887 955 971 1039 ‘igni'
996 944 1130 1041 prorsu⁸s
1160 942 1339 1022 omiserant

189 1065 287 1124 antea
310 1060 467 1140 editores3
493 1081 590 1144 quam
613 1066 722 1124 tamen
746 1065 822 1143 apte
845 1061 878 1123 in
901 1060 960 1124 tali
983 1068 1151 1126 structura
1174 1061 1337 1124 orationis

190 1162 330 1242 dutinus,
369 1162 543 1227 dummodo
577 1161 734 1226 fulciatur
767 1163 956 1244 gerandino,
990 1164 1143 1241 addatur,
1179 1163 1339 1245 exemplis

188 1265 285 1330 facile
298 1265 490 1341 ostenditur,
514 1266 607 1328 uelut
619 1265 682 1329 llll
696 1269 722 1344 2,
740 1270 777 1328 18
792 1271 841 1329 est
853 1267 1018 1331 ‘materies
1031 1289 1070 1329 ex
1085 1266 1211 1330 Libano
1225 1271 1337 1330 monte

190 1369 318 1433 ratibus
342 1374 375 1433 et
396 1368 542 1433 turribus
565 1368 724 1432 faciendis
743 1366 978 1432 aduehebatur'
999 1376 1032 1434 et
1044 1369 1071 1432 V
1085 1374 1112 1447 3,
1127 1374 1145 1432 7
1163 1370 1337 1452 ‘caesaque

189 1473 341 1537 materies
376 1471 522 1535 cratibus
557 1477 590 1535 ct
623 1470 743 1553 pluteis
778 1471 959 1537 faciundis'.
1006 1472 1156 1535 similiter
1183 1471 1237 1534 hic
1261 1479 1338 1553 post

190 1575 274 1658 ‘igni’
298 1573 435 1640 uerbum
459 1574 492 1637 iu
514 1573 731 1654 gerundiuum
748 1573 886 1638 modum
910 1574 1109 1638 declinatum
1138 1574 1337 1653 addendum,

188 1679 281 1744 uelut-
303 1678 424 1743 oleudo.

317 1786 345 1860 8,
382 1785 396 1843 1
433 1777 629 1859 (Ecbatana)
662 1799 745 1843 uuue
784 1783 889 1842 teueut
929 1778 1042 1843 Pactu·
1083 1799 1177 1861 eoqere
1216 1779 1338 1844 aestiuo

188 1884 353 2008 opeptibus
375 1885 465 1971 sedes
488 1887 540 1946 est.
587 1883 634 1946 sic
669 1904 779 1946 omnes
813 1883 958 1962 codices;
992 1882 1047 1945 sed
1079 1883 1195 1945 mirum
1220 1889 1280 1961 est,
1311 1884 1339 1946 si

189 1994 278 2053 totus
311 1985 508 2050 Parthorum
542 1985 683 2067 populus
719 1991 846 2049 aestate
881 1985 1082 2048 exercitandi
1116 1987 1175 2062 sui,
1214 1987 1340 2067 opinor,

190 2112 290 2154 causa
313 2088 441 2154 aestiua
464 2088 585 2169 agebat
607 2087 706 2171 idque
731 2089 763 2151 in
787 2088 867 2151 urbe
894 2087 1003 2162 fiebat,
1033 2089 1089 2171 qui
1117 2087 1208 2152 locus
1238 2090 1339 2170 genti,

188 2192 457 2258 bellicosissimae
475 2192 679 2273 praesertim,
705 2193 821 2256 castris
841 2191 977 2256 idoneus
990 2191 1095 2254 uideri
1107 2211 1170 2253 nou
1183 2192 1338 2274 potuerit.

189 2301 224 2360 at
246 2315 335 2376 repes
358 2293 555 2358 Parthorum
578 2328 619 2337 -
643 2300 675 2358 et
698 2293 811 2359 debis
839 2294 943 2357 solum
973 2293 1035 2357 hoc
1063 2293 1135 2357 loco
1167 2295 1217 2373 agi
1256 2294 1337 2357 mihi

109 2462 112 2470 ,
188 2398 322 2463 uidetur
348 2431 383 2440 -
408 2395 588 2460 Ecbatanis
612 2417 670 2478 per
692 2398 854 2460 aestiuum
878 2402 1006 2478 tempus
1034 2396 1212 2473 habitasse,
1248 2397 1340 2480 apud

190 2499 340 2565 Strabon.
364 2499 410 2562 XI
435 2502 472 2561 13
496 2499 637 2578 inuenio,
671 2521 766 2583 quam
802 2500 995 2562 sententiam
1025 2520 1128 2581 parua
1157 2500 1339 2564 mutatione

188 2602 338 2667 adhibita
360 2602 414 2666 hic
437 2623 564 2685 quoque
595 2600 679 2665 effici
707 2603 839 2684 poterit,
875 2603 901 2665 si
934 2602 1113 2683 repeutibue
1147 2623 1205 2684 pro
1228 2603 1339 2682 ‘agen-

188 2704 285 2770 tibus’
309 2698 478 2770 scribetur.
524 2705 581 2782 ita,
606 2705 796 2788 pronomine
821 2704 895 2769 ‘eos’
919 2704 960 2767 ad
985 2704 1193 2786 ‘regentibus’
1218 2704 1340 2768 subau-

189 2809 267 2888 dito,
298 2805 445 2873 ‘aestiua’
475 2806 669 2872 attributiue
699 2808 739 2872 ad
768 2806 882 2872 ‘sedes'
906 2807 1093 2889 pertinebit.
1139 2807 1339 2889 scripturam

190 2918 298 2975 autem
323 2911 492 2993 archetypi
516 2917 710 2988 mutauerat,
744 2912 809 2994 qui,
844 2909 921 2974 dum
944 2909 1152 2990 ‘regentibus'
1175 2908 1341 2973 obiectum

191 3013 338 3078 ‘aestiua'
367 3035 479 3095 regere
508 3019 611 3096 putat,
644 3015 780 3078 ‘aestiua
814 3012 884 3096 agi',
918 3018 954 3076 ut
988 3033 1115 3095 semper
1147 3011 1240 3090 solet,
1276 3011 1340 3076 dici

191 3116 306 3180 uoluit.
354 3116 393 3180 de
428 3116 580 3181 absoluto
609 3117 773 3199 participii
802 3114 1012 3198 ‘regentibus'
1042 3137 1102 3179 usu
1135 3115 1174 3179 cf.
1200 3115 1341 3179 ‘meden-
1406 3120 1408 3124 ’

191 3218 282 3283 tium'
306 3241 365 3302 pro
388 3219 605 3283 ‘medicorum’
629 3239 727 3300 supra
749 3219 796 3282 111
820 3223 847 3297 5,
873 3223 920 3282 14.

317 3326 346 3400 8,
378 3324 395 3384 6
430 3323 544 3403 paucis
578 3321 753 3400 adnotabo,
788 3322 821 3384 in
854 3320 906 3384 his
941 3320 1051 3385 uerbis
1085 3320 1340 3403 qualemcumque

184 3427 288 3489 uitam
325 3423 453 3487 bouestu
491 3428 591 3486 morte
620 3422 728 3503 plmie
773 3424 939 3486 aestimem
978 3423 1161 3487 ablatiuum
1200 3425 1339 3490 alterius

190 3527 445 3610 comparationis
481 3526 617 3589 membri
656 3525 697 3589 ab
733 3546 793 3589 usu
823 3525 959 3590 Latinae
995 3526 1125 3608 linguae
1160 3526 1340 3592 abhorrere

192 3630 304 3693 uideri.
351 3633 481 3712 quippe,
515 3629 576 3692 nisi
607 3649 691 3712 quac
716 3649 766 3709 pre
794 3627 955 3709 fugerunt,
989 3631 1023 3692 in
1050 3628 1167 3708 plum‘s,
1201 3628 1339 3694 miuom's

190 3734 326 3812 uestium,
359 3732 454 3796 habeo
487 3732 589 3794 eimm.
619 3738 693 3814 post
723 3731 984 3812 comparatiuum
1018 3753 1145 3814 semper
1178 3733 1340 3797 retinetur

189 3855 299 3917 pemm;
321 3836 432 3917 itaque
457 3855 530 3898 cum
549 3833 603 3897 hic
620 3855 751 3919 quoque
770 3835 978 3898 accusatiuus
992 3833 1171 3898 ‘honestam
1191 3836 1339 3899 mortem‘

189 3937 360 4002 meliorum
384 3938 532 4001 codicum
555 3938 598 4000 sit
621 3937 785 4018 scriptura
808 3943 840 4000 et
863 3942 940 4019 post
963 3935 1086 4017 ‘uitam’
1104 3935 1201 4002 facile
1220 3938 1340 4021 ‘quam’

190 4040 339 4104 excidere
370 4040 525 4121 potuerit,
559 4039 606 4103 sic
643 4039 741 4103 scribi
779 4059 909 4104 censeo:
947 4038 1054 4118 pluris
1087 4039 1342 4122 petolemeumque

188 4144 286 4207 uitum
308 4162 401 4225 quum
423 4142 582 4205 bouestom
603 4147 736 4204 mortem
758 4139 1009 4206 aestimantibus.

317 4249 345 4324 8,
362 4249 399 4307 la
419 4266 466 4327 sq.
503 4242 659 4307 mutanda
676 4241 738 4307 hoc
757 4243 831 4308 loco
849 4244 1070 4326 interpunctio
1091 4246 1338 4324 sententiarum,

190 4368 274 4430 quae
296 4368 349 4411 res
371 4367 412 4410 ne
436 4339 488 4408 cui
510 4346 616 4409 leuior
639 4346 727 4409 dictu
751 4345 916 4430 uideatur,
946 4355 1069 4410 certam
1093 4349 1338 4429 compositionis

188 4455 225 4512 ut
252 4449 318 4512 ium
346 4469 376 4511 u.
407 4448 472 4511 eom
499 4452 535 4511 ut
567 4448 634 4510 uim
667 4449 690 4511 ii
723 4449 907 4529 neglegunt,
942 4439 998 4531 qui
1032 4450 1229 4513 sententiam
1262 4451 1339 4514 inde

187 4550 397 4632 incipientem
420 4548 473 4613 hic
495 4570 568 4613 cum
593 4550 816 4633 superioribus
836 4552 1045 4632 coniungunt.
1081 4573 1121 4616 ea
1143 4552 1228 4614 enim
1252 4571 1339 4616 oom-
