3068 5152
746 385 785 446 78

188 571 299 652 ipsum
323 569 455 650 quidem
480 569 631 647 sufficiet,
668 570 724 634 sed
758 575 868 634 tamen
898 571 970 634 ueri
998 591 1075 652 pars
1097 571 1169 636 erit.
1214 573 1352 637 namsi

189 691 253 735 aaa
276 677 352 754 post
375 671 595 736 ‘deditionem’
618 671 848 753 addiderimus,
879 674 988 736 omnia
1009 673 1075 737 iam
1097 680 1187 738 recte
1210 673 1351 739 confor-

190 780 281 838 mata
314 781 416 839 erunt.
463 773 502 838 cf.
533 774 604 838 Liu.
635 773 724 837 XXX
757 779 808 852 23,
842 779 862 837 4
896 775 1113 840 ‘abnuendam
1145 777 1278 858 pacem’
1312 783 1351 840 et

190 876 314 940 XXVII
330 882 360 959 4,
381 881 394 938 l
419 878 595 940 ‘certamen
619 877 800 957 abnuenti,
823 883 922 960 atque
944 878 992 952 ita
1014 876 1077 942 hoc
1099 878 1202 944 uerbo
1226 880 1350 945 Liuius
1467 935 1471 945 .

191 1000 289 1063 saepe
312 1001 391 1044 usus
416 985 476 1057 est,
499 987 576 1043 ante
599 1001 672 1044 oum
695 1000 770 1044 raro
793 999 912 1062 prosae
936 981 1096 1044 orationis
1120 983 1313 1065 scriptores

317 1086 346 1159 2,
370 1087 410 1146 30
433 1083 467 1146 in
490 1083 515 1145 P
547 1103 567 1146 a
594 1084 700 1166 prima
722 1103 821 1146 manu
839 1087 1004 1162 potestate,
1036 1105 1167 1147 non-
1191 1086 1276 1150 ‘em’.
1302 1122 1346 1131 -

190 1185 268 1250 ibid.
292 1184 317 1248 P
339 1205 440 1249 aorem
461 1186 652 1266 inprecatus
687 1186 773 1249 unde
802 1205 900 1249 anam
922 1184 959 1249 c'd
980 1191 1132 1265 precatus
1153 1187 1349 1254 faciendum

190 1289 337 1367 uidetur,
372 1287 499 1370 dequo
529 1288 704 1353 uerborum
734 1289 848 1352 ordine
877 1288 916 1351 of.
940 1286 1035 1351 VIIII
1059 1294 1106 1366 10,
1133 1293 1168 1352 11
1196 1290 1281 1356 ‘sola
1305 1313 1349 1356 ea

193 1391 291 1464 arbor
315 1391 477 1473 gignitur’.

317 1499 346 1571 4,
369 1497 409 1557 26
432 1494 457 1556 P
481 1513 554 1557 cum
577 1492 659 1557 Bud.
683 1493 769 1557 Flor.
794 1493 820 1556 A
843 1493 869 1557 Β
893 1493 920 1556 Ι)
944 1492 973 1558 G
996 1494 1011 1556 l
1034 1493 1129 1558 Bern.
1149 1495 1177 1558 A
1200 1496 1296 1561 Laid.
1319 1498 1350 1562 A

189 1596 285 1661 Uoss.
311 1602 325 1659 1
350 1602 440 1660 recte
463 1594 662 1674 arbitrentur,
694 1598 795 1660 ceteri
817 1597 934 1660 uitiosa
959 1597 1167 1662 ‘arbitretur’.
1190 1633 1234 1644 -
1257 1598 1352 1664 infra

190 1697 207 1782 ξ
231 1694 271 1762 2'9
294 1699 392 1781 uulgo
416 1720 432 1762 e
453 1698 589 1778 captiae,
613 1698 637 1762 P
661 1703 691 1762 et
711 1718 746 1776 a,
769 1697 857 1762 unde
877 1719 916 1762 ex
934 1720 958 1762 c.
978 1698 1073 1764 facio.
1108 1722 1184 1765 nam
1207 1708 1243 1765 et
1263 1701 1351 1766 Cur-

140 1843 142 1848 .
189 1804 255 1866 tius
279 1808 354 1867 aute
377 1802 522 1866 litteram
543 1823 572 1876 c,
597 1803 709 1884 paucis
732 1801 908 1865 admodum
931 1802 1011 1866 locis
1035 1805 1188 1887 exceptis,
1211 1825 1353 1888 semper

191 1905 248 1968 ‘ox'
271 1901 418 1987 usurpat,
448 1910 481 1968 et
513 1904 631 1987 quibus
653 1905 740 1968 notis
763 1901 821 1967 ‘ex'
845 1910 942 1987 atqua
965 1904 1017 1968 ‘et'
1039 1906 1139 1969 medii
1162 1907 1237 1969 aeui
1260 1913 1351 1971 tem-

190 2008 323 2097 poribus
347 2007 571 2091 signabantur,
596 2028 652 2071 eae
675 2007 770 2071 facile
802 2028 822 2071 a
844 2006 977 2073 librario
1003 2011 1197 2073 commutari
1224 2014 1349 2092 potue-

190 2119 279 2192 runt3
303 2111 395 2176 uelut
417 2111 451 2174 in
474 2110 499 2174 P
522 2110 588 2174 IIII
614 2115 661 2183 10,
685 2114 725 2174 22
748 2131 807 2193 pro
831 2109 889 2173 ‘ex'
913 2117 964 2175 est
986 2110 1049 2176 ‘et’.

318 2218 346 2291 5,
371 2218 389 2277 7
419 2214 444 2276 Ρ
474 2213 684 2277 membranae
707 2213 808 2277 Medii
836 2213 904 2277 Pal.
931 2217 945 2275 1
978 2221 1011 2279 et
1033 2214 1120 2280 Flor.
1145 2214 1173 2277 D
1200 2214 1215 2277 I
1251 2235 1349 2280 eremo

190 2317 270 2379 ector
299 2317 427 2381 illoram
451 2314 691 2396 (Macedonum)
720 2317 886 2398 qaisquam
919 2336 958 2380 err
988 2319 1092 2396 patrio
1125 2338 1209 2381 more
1244 2317 1350 2384 libere

189 2418 351 2482 sustiuerit.
397 2418 604 2483 scribendum
626 2418 760 2482 uidetur
784 2416 890 2495 libare,
919 2418 981 2483 hoc
1004 2426 1054 2485 est
1077 2421 1215 2498 demere,
1252 2423 1346 2504 quod

189 2521 274 2585 idem
298 2523 497 2609 infmentem
520 2527 658 2586 uenerat
679 2521 851 2600 Palmario,
884 2522 989 2586 amico
1012 2523 1123 2600 Modii‚
1157 2524 1252 2587 cuius
1281 2525 1348 2588 ali-

189 2631 273 2706 quot
298 2624 496 2690 felioissimis
528 2624 723 2688 coniecturis
754 2624 851 2688 huius
878 2625 979 2690 editio
1008 2627 1102 2690 uelut
1131 2631 1249 2690 ornata
1279 2634 1346 2692 est.

190 2728 291 2791 ceteri
309 2727 456 2809 plerique
481 2725 623 2805 labaret,
646 2727 679 2790 in
704 2747 768 2809 quo
792 2738 1023 2811 praeterquam
1046 2728 1133 2812 quod
1152 2728 1346 2796 emendatio

190 2829 300 2912 paullo
323 2828 501 2894 uiolentior
525 2836 585 2908 est,
611 2829 742 2894 ‘labare’
760 2851 819 2912 pro
842 2851 890 2908 eo,
915 2831 1002 2914 quod
1025 2832 1057 2895 in
1082 2832 1143 2895 hac
1165 2851 1200 2895 re
1224 2837 1347 2913 aptum

188 2930 305 3015 fuerat,
330 2931 416 2996 ‘labi’
439 2932 493 2996 uel
517 2933 638 2997 ‘dilabi'
662 2933 742 2996 mire
765 2939 953 3016 usurpatur.
998 2935 1118 3017 quibus
1145 2933 1229 2997 illud
1258 2956 1347 3017 quo-

190 3056 252 3118 que
276 3035 353 3099 addi
376 3041 493 3118 potest,
518 3035 606 3118 quod
623 3034 800 3120 admodum
819 3036 951 3101 insolite
971 3059 1036 3102 non
1053 3039 1124 3120 ipse
1141 3036 1346 3116 infinitiuus,

190 3139 246 3202 sed
281 3140 489 3202 accusatiuus
523 3142 606 3202 cum*
628 3136 789 3202 infinitiuo
820 3139 894 3203 ‘non
928 3139 1093 3220 sustineo',
1127 3139 1191 3205 hoc
1224 3147 1276 3205 est
1302 3143 1349 3205 ‘in

191 3243 333 3305 animum
356 3262 420 3304 non
443 3240 573 3305 indueo’
597 3242 752 3323 sequitur.
1138 3314 1141 3324 y

319 3348 346 3417 5,
365 3347 384 3406 8
403 3344 502 3425 uulgo
515 3344 597 3425 Apis
618 3344 745 3424 quidam
762 3344 917 3425 Arpiarca,
932 3347 1149 3424 pessimorum
1165 3347 1349 3412 carminum

186 3451 264 3526 post
289 3444 468 3510 Choerilum
498 3448 650 3525 conditor,
684 3446 748 3510 hoc
783 3455 840 3525 est,
874 3449 902 3511 si
930 3447 1032 3511 uerba
1059 3455 1148 3512 recte
1175 3450 1348 3534 intellego,

192 3551 382 3625 carminum,
417 3549 536 3632 quibus
559 3548 701 3614 Choerili
730 3556 883 3634 poemata
914 3550 984 3614 sola
1012 3552 1125 3634 peiora
1155 3559 1259 3617 erant.
1309 3563 1349 3619 at
1448 3567 1456 3575 ·

189 3653 285 3716 nimis
322 3653 501 3734 generatim
533 3655 677 3717 carmina
699 3653 812 3735 Agidis
841 3661 875 3718 et
898 3652 1042 3718 Choerili
1072 3655 1225 3733 omnium,
1255 3675 1348 3737 quae

191 3757 315 3839 scripta
344 3757 419 3834 sint,
450 3757 590 3838 pessima
620 3755 723 3819 fuisse
754 3755 915 3819 dicuntur.
959 3777 1034 3820 nam
1057 3763 1095 3821 ut
1116 3759 1203 3822 inter
1224 3765 1347 3840 poetas

190 3858 412 3924 Alexandrum
447 3861 481 3924 in
513 3860 625 3923 Asiam
666 3863 796 3923 secutos
836 3858 896 3922 hos
936 3858 1155 3923 inertissimos
1194 3860 1346 3927 iudicare

188 3961 340 4044 scriptori
362 3948 465 4042 licuit,
489 3963 537 4026 ita
556 3981 676 4038 omnes,
700 3961 756 4042 qui
773 3981 928 4043 umquam
945 3961 1075 4040 luerint,
1098 3961 1347 4030 uersificatores

188 4064 318 4128 inscitia
341 4085 524 4146 superasse,
546 4083 641 4127 nemo
662 4064 727 4127 nisi
749 4064 860 4147 inepte
883 4063 1035 4128 adfirmat
1054 4070 1087 4128 et
1103 4064 1279 4130 adfirmare
1296 4066 1344 4131 ab

94 4231 95 4234 ,
189 4167 340 4231 instituto
360 4186 458 4249 opere
472 4164 584 4231 Curtio
604 4166 746 4230 alienum
763 4165 835 4232 fuit.
870 4166 1053 4230 inducenda
1075 4168 1175 4249 igitur
1197 4165 1346 4233 fortasse

189 4270 292 4335 uerba
315 4271 423 4354 ‘quam
447 4266 608 4348 Choerili’,
637 4288 701 4350 quo
729 4269 817 4333 facto
840 4271 940 4333 etiam
964 4271 1015 4333 uis
1038 4270 1240 4352 superlatiuo
1264 4269 1345 4335 huie

188 4372 260 4436 loco
283 4380 362 4455 apta
384 4372 581 4436 restituitur.

319 4478 346 4552 5,
373 4479 412 4539 14
435 4474 529 4539 codd.
561 4475 608 4553 (in
631 4477 779 4540 oratione
803 4474 1028 4556 Callisthenis)
1062 4475 1093 4538 si
1125 4495 1192 4555 rex,
1225 4475 1345 4558 inquit,

189 4577 328 4641 sermoni
362 4582 414 4640 tac
447 4578 612 4661 adrisisset,
646 4578 767 4643 callias
793 4584 938 4659 protecto
972 4598 1036 4642 uorc
1067 4577 1251 4658 responsari
1283 4579 1345 4646 tibi
