3068 5152
750 360 790 418 55

190 537 228 603 fit
254 536 400 603 Curtium
428 540 477 606 ita
506 542 690 636 scrippisse:
717 543 816 608 multo
839 546 974 610 inuicem
996 549 1033 611 de
1062 548 1134 612 eliis
1156 547 1249 613 rebus
1272 570 1340 613 ser-

190 661 280 706 mone
302 641 352 704 die
380 649 569 724 consumpte.
616 651 649 708 et
679 654 861 729 sequuntur
890 648 922 711 16
954 651 1102 731 proxima
1130 652 1340 736 paragrapho

191 745 272 810 haec
297 745 367 810 ‘sub
391 753 562 829 uesperam
586 770 659 812 eum
683 749 917 832 prodeuntem'.

320 849 397 914 ibid.
422 848 439 931 ξ
463 853 503 912 28
527 849 551 912 P
574 852 759 929 non‘item‘‚
784 853 955 933 sedidem,
980 877 1046 938 qua
1068 878 1103 919 re
1127 857 1342 922 Freinshemii

193 953 383 1018 coniectura
405 952 578 1017 identidem
602 953 788 1018 confirmari
812 955 953 1026 uidetur.

320 1055 398 1139 ibid:
423 1052 440 1138 ὅ
464 1058 502 1118 31
527 1055 552 1118 Ρ
577 1062 666 1121 recte
689 1057 777 1135 texit,
800 1080 865 1123 non
888 1058 1237 1126 ‘texisset'.—deinde
1261 1062 1277 1145 ᾖ
1303 1069 1341 1128 33

192 1157 217 1221 Ρ
241 1156 286 1239 (16
310 1159 459 1224 oratione
483 1157 646 1240 Philotae)
676 1158 872 1225 Oeboiliaum
900 1162 1026 1244 quidem
1048 1165 1146 1227 scorti
1168 1185 1343 1230 sermonem

193 1262 291 1325 adse
314 1260 472 1332 detulisse,
499 1262 556 1325 sed
582 1262 685 1341 166666
715 1268 778 1328 tem
809 1263 873 1328 ieci
901 1270 1024 1330 nectere
1053 1267 1133 1330 eiiii
1160 1269 1341 1332 credidisse.

193 1363 311 1446 reliqui
334 1364 488 1441 ί3661661,
513 1384 578 1447 qua
597 1367 761 1448 scriptura
783 1368 964 1432 orationem
987 1368 1142 1433 leuiorem
1166 1370 1342 1454 elegantio-

192 1487 327 1549 remque
349 1466 421 1530 fieri
443 1488 507 1531 666
530 1488 623 1550 nego,
658 1469 716 1533 sed
739 1491 799 1552 pro
823 1471 930 1535 altera
952 1471 1034 1536 haee
1056 1471 1167 1536 afferri
1190 1480 1341 1555 possunt:

192 1569 218 1632 V
243 1572 270 1648 7,
294 1576 313 1632 4
337 1570 438 1635 ‘ebrio
461 1577 571 1635 scorto
595 1571 634 1636 de
658 1578 808 1638 tentare
830 1573 956 1639 ferente
980 1577 1177 1640 sententiam
1200 1597 1285 1641 unus
1309 1584 1342 1642 et

192 1673 285 1752 alter,
326 1679 359 1738 et
391 1674 456 1757 ipsi
489 1695 579 1739 mero
615 1676 752 1754 onerati,
792 1677 1023 1742 adsentiuntur
1058 1679 1102 1742 ‘et
1136 1678 1195 1742 VH
1230 1683 1259 1756 5,
1302 1683 1339 1742 31

192 1779 332 1858 ‘postero
351 1777 403 1841 die
421 1777 671 1842 occurrentibus
687 1776 881 1843 Branchidis
900 1801 1010 1845 seeum
1035 1781 1211 1864 procedere
1231 1781 1341 1861 iubet,

191 1899 390 1962 quamquam
413 1878 465 1942 hie
489 1879 619 1943 codices
644 1879 877 1946 ‘Branchidas'.

318 1981 383 2046 ibd.
408 1981 424 2064 ἓ
448 1986 487 2046 35
512 1988 587 2046 ante
613 1984 779 2062 dexteram,
805 1983 862 2047 ubi
886 1987 1072 2051 coniunctio
1096 1986 1139 2050 ad
1161 1985 1247 2051 hanc
1269 2009 1342 2052 sen·

190 2086 327 2149 tentiam
350 2106 421 2149 cum
447 2087 616 2168 superiore
641 2088 895 2151 connectendam
920 2095 1001 2172 apta
1018 2089 1233 2168 desideratur,
1257 2090 1342 2154 exei-

193 2188 279 2253 disse
302 2195 438 2253 ceterum
460 2187 601 2252 uidetur.
639 2187 723 2253 haec
746 2198 833 2254 certe
857 2192 890 2255 16
914 2192 1029 2256 eadem
1053 2193 1214 2257 orationis
1236 2191 1342 2258 forma

191 2292 377 2355 coniunctio
400 2298 580 2375 usurpatur
603 2312 629 2356 e.
657 2297 703 2370 11,
729 2296 778 2357 22.

319 2398 347 2465 8,
372 2399 389 2458 5
414 2392 460 2475 (in
479 2395 628 2459 oratione
648 2393 774 2460 Crateri
792 2396 834 2460 ad
853 2395 1086 2475 Alexandrum)
1105 2396 1130 2460 P
1149 2418 1223 2461 cum
1242 2418 1342 2462 mem·

190 2494 304 2560 branis
330 2495 445 2560 Medii:
470 2498 690 2575 sensissemea
720 2498 751 2561 si
775 2497 918 2563 Philotae
946 2499 1042 2563 uelles
1065 2501 1233 2580 1666666666,
1253 2505 1342 2582 poie-

190 2599 273 2663 6616
294 2598 407 2679 petias
431 2602 578 2681 ipoorore
600 2621 677 2680 enm,
707 2608 859 2683 qnantum
889 2602 1011 2665 deberet
1039 2602 1106 2680 tihi,
1131 2623 1223 2684 qoem
1245 2623 1343 2684 usqae

191 2703 234 2766 od
254 2700 367 2766 mertis
389 2710 505 2766 metam
527 2704 698 2768 addentem
726 2706 852 2784 saepius
882 2705 919 2768 de
934 2705 1079 2784 periculo
1101 2726 1157 2768 sao
1181 2726 1277 2785 quem
1305 2709 1342 2771 de

190 2809 242 2869 iae
271 2804 407 2887 capitone
433 2805 590 2886 beneficio.
644 2808 745 2871 ceteri
770 2807 924 2889 ‘cogeres‘
956 2813 1032 2890 post
1061 2808 1260 2873 ‘adductum’
1290 2810 1340 2873 in-

190 2915 312 2985 serunt,
336 2908 402 2988 sed,
428 2911 552 2992 opinor,
577 2910 689 2973 addito
720 2909 820 2974 uerbo
849 2909 937 2974 haud
967 2909 1144 2980 difficulter
1173 2916 1343 2976 structura

190 3018 224 3078 61
258 3033 371 3077 666666
404 3022 528 3077 carent.
578 3034 652 3076 nam
684 3013 838 3096 quoniam
867 3013 907 3077 de
941 3013 1069 3079 duobus
1100 3011 1194 3076 malis
1224 3013 1342 3094 agitur,

190 3136 328 3198 quorum
351 3116 458 3181 minus
489 3123 520 3180 et
544 3116 648 3179 lenius
672 3115 855 3197 eligendum
885 3116 1140 3198 patiendumque
1169 3136 1238 3180 6666
1262 3116 1341 3180 dioi-

189 3225 251 3298 tur,
275 3218 412 3284 uerbum
435 3218 601 3302 ‘patiendi'
624 3240 689 3283 666
713 3219 882 3283 minusad
906 3218 1043 3283 alterum
1064 3238 1162 3302 quam
1185 3218 1226 3282 ad
1250 3219 1342 3302 prius

191 3322 349 3386 orationis
367 3322 547 3387 membrum
570 3329 682 3405 aptum
708 3329 768 3386 est.
789 3322 935 3386 —idem
958 3321 1095 3386 uerbum
1119 3319 1228 3402 ‘cogo’‚
1252 3323 1341 3404 quod

189 3424 243 3490 hie
265 3425 423 3489 insertum
446 3446 519 3489 6666
542 3425 694 3502 uidimus,
720 3424 939 3509 interpolator
955 3425 1173 3489 recentiorum
1193 3424 1342 3489 codicum

191 3548 217 3592 e.
242 3533 270 3607 9,
294 3533 313 3590 2
337 3528 481 3609 addidit3
509 3529 566 3595 ubi
585 3528 730 3611 aliquod
752 3527 891 3592 uerbum
915 3527 1077 3592 excidisse
1107 3533 1254 3610 apparet,
1283 3527 1342 3591 sed

191 3653 295 3715 neque
323 3652 477 3714 praesens
507 3632 638 3697 additae
667 3632 759 3696 uocis
794 3638 923 3714 tempus
955 3629 1089 3712 (foogit’)
1121 3650 1193 3693 cum
1227 3629 1341 3708 uerbo,

189 3734 264 3799 inde
287 3734 375 3818 quod
398 3735 528 3818 pendet,
560 3735 748 3814 ‘irasceres',
779 3733 860 3798 bene
885 3733 1046 3810 conuenit,
1078 3753 1183 3813 neque
1208 3729 1341 3796 Curtius

189 3858 328 3922 usquam
347 3837 425 3902 alibi
445 3837 544 3919 ‘cogo'
564 3859 637 3902 cum
649 3837 704 3902 ‘ut’
723 3838 901 3919 coniungit.
937 3836 1049 3919 itaque
1068 3839 1145 3917 post
1163 3833 1340 3900 ‘irascerer’
1386 3901 1391 3910 ,

191 3941 300 4024 661166
322 3940 399 4020 fecit
421 3948 477 4006 aut
500 3942 602 4022 effecit
624 3940 818 4004 addendum.

257 4109 265 4121 ι
319 4050 348 4119 8,
374 4048 413 4107 13
435 4044 460 4107 Ρ
484 4044 569 4109 Mod.
594 4044 715 4127 aliique
743 4047 775 4107 ct
797 4042 880 4106 enim
902 4062 965 4105 666
989 4040 1167 4106 credidisse
1190 4041 1266 4106 telio
1289 4043 1340 4106 de-

189 4146 363 4226 ferentibus
380 4153 502 4228 pueris.
537 4148 586 4212 ita
610 4145 817 4210 scribendum
840 4143 1165 4228 subaudiendumque
1187 4143 1341 4208 infinitiui

191 4249 375 4315 subiectum
397 4250 500 4328 ι6661,
523 4250 556 4313 id
579 4249 667 4334 quod
690 4249 724 4312 16
751 4246 999 4330 pronominibus
1018 4246 1133 4311 crebro
1153 4246 1242 4328 apud
1261 4245 1340 4311 Gur-

122 4374 125 4379 ·
190 4354 270 4417 tiam
292 4352 330 4416 fit
354 4354 432 4431 (uid.
455 4352 599 4418 Miitzell.
631 4375 660 4435 6.
688 4355 726 4414 10
758 4349 834 4415 161
866 4355 901 4414 11
935 4349 968 4432 3)
992 4370 1097 4434 eoque
1120 4348 1173 4413 hio
1201 4348 1340 4428 facilius²

192 4455 280 4540 quod
313 4456 398 4520 idem
434 4457 616 4520 subiectum
650 4455 797 4538 proximo
830 4453 996 4518 infinitiuo
1032 4452 1194 4517 ‘inserere'
1222 4451 1340 4517 fuerat.

191 4558 305 4626 eodem
338 4557 434 4624 modo
461 4558 510 4622 III
537 4563 566 4640 8,
604 4561 640 4622 ll
676 4578 716 4622 ex
745 4556 971 4641 praecedentis
1000 4554 1158 4621 infinitiui
1191 4554 1339 4622 subiecto
