3068 5152
732 362 769 422 13

262 544 338 608 VIII
356 550 387 624 4,
410 550 449 610 22
468 545 493 610 P
516 551 549 610 et
568 545 776 612 membranae
795 545 1210 629 Sigebergenses'sutropes
1233 547 1324 612 etium

178 666 212 711 eo
235 647 350 729 (ceteri
373 652 467 728 enm),
496 651 550 730 qni
564 669 666 729 penes
688 652 793 731 ansam
814 649 1055 730 relinquebatur,
1088 650 1173 714 tradi
1195 646 1325 733 (reliqui

178 751 288 828 trorlit)
323 749 453 816 bardum
489 752 647 832 opulentia
679 754 872 831 concinium,
913 773 973 833 qno
1011 773 1115 834 regem
1149 752 1326 834 complebat,

177 855 385 934 instruererot,
418 853 504 918 unde
533 854 663 920 Modius
695 853 782 935 (Not.
808 855 887 919 Crit.
911 879 942 939 p.
970 854 1043 936 144)
1073 857 1121 920 616
1153 855 1326 938 legendum

179 977 250 1021 esse
285 962 375 1021 recte
409 958 578 1023 iudicabat
611 963 752 1039 eutropes
785 959 879 1023 etium
913 979 947 1022 eo
972 1011 977 1023 .
1004 1009 1010 1023 .
1037 1011 1042 1023 .
1068 1009 1074 1023 .
1099 959 1225 1037 tradite,
1260 979 1327 1042 qua

179 1061 341 1143 scriptura
369 1061 484 1126 melius
513 1083 610 1145 quam
641 1068 822 1126 ceterorum
852 1060 1003 1126 codicum
1027 1063 1230 1128 correctione
1254 1083 1326 1126 sen·

90 1244 96 1255 .
179 1163 301 1227 tentiae
325 1164 573 1246 coniunguntur.

264 1265 335 1330 Hoc
358 1265 508 1331 codicum
531 1288 701 1347 consensu,
732 1289 805 1333 cum
826 1267 929 1332 fuisse
952 1273 1126 1346 constaret,
1161 1267 1325 1333 interdum

179 1368 221 1432 ad
262 1371 442 1453 scripturas
480 1370 621 1436 Parisini
663 1372 788 1455 primae
827 1391 954 1450 manus,
995 1392 1079 1455 quae
1120 1371 1187 1435 iam
1225 1393 1327 1454 prope

181 1479 394 1550 euanuerunt,
417 1474 638 1539 restituendas
662 1497 742 1539 usus
766 1496 854 1555 sum3
879 1495 963 1558 quac
986 1474 1048 1539 hae
1072 1480 1166 1539 sunt:

266 1573 309 1638 VI
333 1579 360 1655 2,
387 1581 424 1640 18
448 1576 534 1642 Mod.
557 1577 634 1643 Not.
658 1600 687 1661 p.
712 1582 753 1642 99
776 1577 902 1660 ‘scripti
923 1575 1068 1658 pnredct'
1091 1596 1230 1660 proper
1253 1581 1327 1641 erut.
1438 1646 1443 1651 ,

180 1676 212 1740 in
235 1675 261 1740 P
284 1677 359 1742 olim
383 1684 458 1743 ante
481 1701 631 1745 rasuram
653 1681 739 1746 idem
762 1681 871 1759 fuisse,
907 1680 1018 1764 aliqua
1046 1680 1188 1761 uestigia
1217 1680 1330 1743 etiarn·

180 1801 266 1844 nuno
288 1787 372 1845 sunt.

310 1889 337 1963 6,
362 1889 398 1949 21
419 1886 506 1951 Mod.
519 1887 593 1952 Not.
606 1910 636 1970 p.
653 1889 713 1950 107
732 1887 952 1952 ‘membranae
959 1886 1154 1965 praeuertit'
1170 1877 1204 1949 iu
1217 1884 1242 1948 P
1255 1892 1330 1967 post

179 1987 287 2066 ainerti
308 1988 420 2053 littera
442 2011 539 2055 erasa
561 1996 621 2055 est.

310 2094 339 2168 8,
369 2093 388 2154 7
416 2092 502 2157 Mod.
526 2091 601 2158 Not.
627 2116 656 2176 p.
683 2097 742 2158 109
776 2091 852 2157 ‘Col
877 2098 911 2157 et
945 2091 1052 2175 Sigeb.
1076 2091 1223 2173 potentio
1256 2089 1329 2174 (pro

176 2190 394 2274 poenitentia),
416 2195 577 2278 pessime?
621 2196 708 2260 idem
730 2196 763 2259 in
787 2197 811 2259 P
835 2196 941 2279 prima
964 2217 1088 2260 manua.

268 2294 339 2359 Hac
360 2300 487 2363 ratione
510 2299 609 2362 etiam
631 2298 713 2363 illud
737 2296 899 2363 affirmare
922 2298 1008 2378 licet,
1032 2298 1131 2363 fuisse
1154 2299 1185 2361 in
1209 2297 1234 2361 P
1255 2303 1268 2359 1
1289 2319 1330 2360 m.

183 2399 339 2481 scriptum
358 2406 391 2464 et
408 2401 435 2464 V
451 2407 476 2481 1,
504 2407 541 2466 19
565 2403 735 2467 tenduntnr
758 2407 791 2466 61
813 2402 878 2466 ibd.
891 2407 920 2481 4,
947 2405 984 2465 19
1004 2402 1111 2467 enimc
1135 2400 1272 2479 611115,
1294 2405 1330 2465 15

184 2500 323 2579 eludunt,
347 2525 485 2587 quorum
506 2505 654 2570 locorum
672 2504 859 2571 emendatio
873 2505 981 2570 adhuc
994 2506 1064 2570 6616
1074 2505 1177 2570 Medii
1189 2504 1331 2569 editione

184 2606 261 2669 nixa
284 2613 342 2670 661.
387 2609 532 2672 eiusdem
556 2609 685 2690 generis
710 2616 759 2673 661

271 2709 297 2772 V
320 2713 348 2787 3,
373 2713 400 2790 3,
436 2710 492 2774 ubi
514 2710 539 2774 P
563 2733 583 2774 a
612 2712 717 2794 prima
744 2731 842 2775 manu
871 2731 943 2776 oum
966 2712 1077 2776 Modio
1100 2717 1133 2776 61
1156 2709 1226 2775 cod.
1250 2709 1331 2774 Bud.

188 2811 307 2876 orlde'tr's
340 2813 426 2878 mille
461 2814 610 2879 ttrocnm.
655 2814 736 2877 inP
765 2820 845 2878 nota
866 2833 908 2874 00
932 2813 980 2895 (id
1008 2821 1060 2879 est
1087 2813 1190 2895 mille)
1219 2820 1334 2897 postea

185 2912 244 2978 illa
265 2916 397 2998 quidem
422 2938 517 2981 erasa
540 2922 598 2996 661,
628 2917 685 2981 sed
709 2918 756 2981 116
778 2924 816 2981 ut
838 2917 979 2999 uestigia
1002 2919 1071 2982 eius
1100 2917 1287 2981 etiamnunc
1316 2938 1332 2980 6

186 3037 304 3082 rasura
335 3008 508 3085 emineant.
555 3021 612 3085 sed
640 3019 701 3083 hoo
729 3019 846 3083 mendo
883 3019 1014 3085 sublato
1048 3020 1187 3084 alterum
1221 3025 1333 3097 restat,

187 3121 273 3203 quod
296 3143 360 3186 non
383 3129 421 3187 ut
442 3122 522 3186 illud
548 3145 587 3186 ex
605 3124 804 3187 auctoritate
817 3122 956 3187 Parisini
974 3123 1049 3187 libri
1068 3124 1230 3205 corrigere
1249 3123 1335 3203 licet,

186 3223 245 3287 sed
267 3224 331 3307 ipsi
355 3227 530 3292 emendare
553 3228 708 3310 cogimur.
754 3247 827 3291 nam
855 3227 888 3289 iu
919 3225 969 3305 iis,
1004 3246 1089 3309 quae
1119 3226 1332 3309 praecedunt,

187 3326 306 3392 multos
329 3351 455 3395 mecum
477 3332 614 3396 miratos
637 3351 710 3396 6666
734 3330 859 3413 opinor,
889 3330 945 3412 qui
968 3329 1026 3394 1116
1048 3349 1165 3394 nouem
1188 3329 1335 3412 peditum

187 3430 291 3495 millia
320 3431 481 3514 Agrianis,
516 3434 706 3515 sagittariis
741 3433 874 3499 Graecis
909 3439 1161 3517 opponerentur,
1196 3454 1269 3497 cum
1302 3432 1337 3496 hi

188 3554 317 3617 quoque
353 3542 412 3600 aut
446 3557 557 3602 omnes
587 3543 645 3602 aut
675 3537 823 3620 plerique
846 3571 886 3582 —-
909 3536 1069 3617 Agrianos
1096 3536 1180 3600 enim
1209 3536 1337 3619 aliquot

189 3638 283 3718 equis
319 3639 485 3722 stipendia
519 3640 646 3720 1661666,
683 3638 778 3705 (16661
812 3638 956 3704 Μ1116611.
990 3662 1021 3722 p.
1055 3645 1113 3703 114
1137 3671 1187 3717 -,
1217 3638 1337 3703 Graeci

189 3747 277 3805 certe
302 3764 413 3806 omnes
437 3742 576 3825 pedibus
599 3750 771 3808 mererent.
807 3743 876 3806 sine
900 3741 998 3806 dubio
1022 3742 1069 3805 illi
1088 3742 1215 3824 pedites
1228 3741 1335 3806 Mace-

189 3843 289 3909 dones
323 3851 417 3910 erant
450 3851 483 3909 et
516 3846 687 3911 inserenda
716 3847 797 3911 haec
825 3846 898 3929 ipsa
927 3867 992 3909 uox
1014 3845 1229 3909 Macedonum
1259 3849 1336 3908 ante

182 3948 333 4026 peditum.
379 3948 430 4014 his
453 3949 553 4031 igitur
576 3948 859 4014 emendationibus
883 3949 1023 4032 receptis
1051 3955 1142 4013 totus
1169 3948 1262 4012 locus
1289 3948 1338 4012 116

188 4052 362 4116 restitutus
392 4053 472 4116 erit:
505 4072 575 4117 enm
598 4052 690 4116 VIIII
716 4050 856 4117 millibus
888 4051 1100 4116 Macedonum
1125 4053 1274 4131 peditum
1307 4055 1353 4130 et

188 4154 343 4236 Agrianis
385 4156 636 4238 sagittariisque,
683 4154 876 4220 Graecorum
913 4154 1200 4220 mercennariorum
1238 4151 1338 4218 trilim

187 4255 329 4322 millibus
363 4258 493 4338 additis,
526 4258 614 4323 mille
642 4259 807 4324 Ilrrocnm.
854 4259 893 4323 de
924 4258 1081 4342 asyndeto
1105 4256 1143 4320 61.
1168 4257 1237 4320 Liu.
1262 4257 1338 4321 XXI

189 4363 239 4438 61,
288 4367 301 4424 1
344 4362 427 4425 ‘cum
467 4368 542 4425 octo
587 4362 730 4427 millibus
774 4362 931 4446 peditum,
976 4361 1120 4445 equitum
1167 4360 1266 4424 mille’
1305 4366 1338 4424 61

189 4463 310 4528 XXVII
334 4468 384 4543 38,
411 4469 458 4528 ll.
