3068 5152
728 401 765 460 17

170 589 308 653 maxime
349 586 496 652 notabile
538 592 601 663 est,
644 583 735 667 quod
774 589 889 649 contra
921 585 1089 665 uulgatam
1123 586 1320 667 scripturam

169 691 282 755 littera
305 711 327 754 n
351 691 384 754 in
407 687 609 770 paenultima
631 686 758 769 syllaba
780 694 856 751 ante
879 708 894 750 5
918 686 1065 768 additur3
1089 690 1122 754 15
1146 686 1318 771 5551555-

170 793 273 859 renda
296 813 370 858 cum
400 790 543 856 codicem
566 789 591 853 P
614 789 677 853 sibi
701 796 853 855 constare
875 788 1040 868 uidissem,
1076 797 1109 855 et
1130 788 1321 855 testimonia

170 903 318 962 ueterum
342 893 490 958 codicum
513 892 749 974 titulorumque
773 898 806 956 et
828 893 998 976 analogias
1021 892 1181 977 quaesiui.
1215 911 1320 975 neque

171 998 342 1080 analogiae
366 996 493 1073 desunt,
527 1015 600 1058 cum
622 1015 688 1058 555
711 993 816 1059 solnm
841 995 967 1061 Latinis
991 994 1204 1060 ‘Hortensius'
1228 994 1320 1058 ‘Nar-

173 1100 336 1167 bonensis’
370 1100 474 1164 simm.
510 1097 636 1163 Graeca
673 1103 821 1178 Ὁρτήσιος,
862 1104 1057 1180 Neptunium
1090 1095 1322 1182 respondeant,

172 1204 229 1271 sed
254 1205 354 1269 etiam
377 1203 503 1269 Graeco
526 1206 670 1281 θησαυρός
692 1200 845 1265 Latinum
868 1201 1084 1267 ‘thensaurus'
1102 1207 1135 1266 et
1157 1205 1321 1282 Μεγαλήσια

173 1305 403 1390 Megalensia,
436 1325 517 1388 quas
546 1303 669 1368 formas
697 1303 875 1368 uerborum
908 1325 973 1368 non
1007 1304 1129 1369 ueteris
1162 1304 1322 1368 sermonis

174 1411 285 1477 Latini
307 1408 458 1492 proprias
485 1405 597 1483 fuisse,
627 1405 684 1470 sed
707 1427 764 1488 per
788 1406 986 1472 omniafere
1008 1407 1140 1490 linguae
1163 1413 1322 1490 tempora,

173 1533 372 1598 quamquam
395 1517 530 1593 propter
551 1508 835 1591 grammaticorum
858 1509 979 1591 placita
1001 1511 1166 1577 interdum
1189 1528 1323 1573 amanu-

174 1638 268 1681 enses
301 1637 323 1678 n
353 1612 543 1691 deleuerint,
580 1611 779 1693 pertinuisse
809 1633 942 1695 prorsus
971 1612 1055 1677 effici
1085 1633 1180 1696 posse
1215 1609 1322 1677 uideo.

173 1719 327 1784 nimirum
360 1715 483 1780 nasalis
517 1714 649 1778 litterae
683 1714 792 1780 uocali
826 1736 926 1780 55555
960 1722 1046 1794 erat,
1082 1736 1178 1800 quem
1213 1714 1324 1780 Latini

173 1821 288 1888 addita
310 1841 341 1899 n,
369 1827 405 1884 51
433 1838 520 1884 5555
548 1837 678 1901 quoque
706 1816 754 1895 fit,
788 1818 897 1883 notari
926 1818 1111 1884 uoluerunt.
1156 1819 1267 1899 itaque
1291 1823 1323 1880 51

174 1921 460 2007 ‘Peloponnensus’
482 1927 515 1986 et
525 1916 792 1986 ‘Chersonensus’
817 1926 850 1984 et
872 1941 1095 2006 quaecumque
1119 1942 1192 1986 cum
1210 1919 1324 1985 eodem
1416 1981 1418 1985 ,

175 2027 276 2093 uerbo
311 2030 562 2108 componuntur,
596 2022 793 2088 scribebant.
839 2025 932 2089 cuius
965 2025 1147 2108 scripturae
1177 2023 1326 2104 exempla

174 2151 247 2194 cum
270 2131 336 2194 iam
360 2150 377 2193 e
400 2126 568 2192 ueteribus
592 2128 812 2192 monumentis
842 2127 1034 2210 conquirere
1066 2129 1255 2210 coepissem,
1291 2132 1325 2192 et

174 2231 411 2296 Buechelernm
441 2229 558 2311 (Rhea.
582 2228 665 2293 Mus.
688 2228 811 2292 XXVII
839 2252 869 2313 p.
898 2230 974 2311 475)
1006 2236 1039 2295 51
1067 2229 1325 2297 Fleckeisenium

173 2335 303 2415 (Annal.
329 2333 383 2398 CV
403 2357 434 2417 p.
454 2331 529 2414 575)
553 2338 651 2397 55155
674 2353 744 2397 rem
766 2337 927 2399 tractasse
950 2333 1028 2398 uidi.
1053 2340 1086 2399 et
1108 2333 1161 2399 hic
1184 2333 1325 2418 quidem,

174 2440 230 2522 qui
253 2439 293 2503 de
316 2458 356 2501 ea
378 2459 413 2502 re
431 2435 595 2520 copiosius
615 2432 707 2514 dixit,
730 2435 811 2500 talia
833 2436 901 2501 fere
924 2436 1083 2519 disputat.
1120 2459 1220 2503 unum
1242 2434 1345 2501 illud'

174 2546 415 2617 commemorat,
449 2538 630 2620 simplicem
662 2558 684 2601 n
717 2539 750 2602 15
785 2539 895 2604 media
937 2560 1018 2604 uoce
1060 2534 1246 2622 (Pelopone.¹
1265 2560 1325 2624 pro

176 2643 388 2723 Peloponne.),
422 2641 574 2726 quamuis
612 2641 733 2723 duplex
761 2643 916 2707 usitatior
950 2643 1001 2722 sit,
1035 2642 1200 2709 interdum
1230 2650 1263 2708 et
1291 2643 1325 2707 in

175 2746 309 2810 Graecis
332 2745 438 2809 titulis
456 2751 489 2808 et
507 2743 594 2826 apud
611 2744 747 2808 Latinos
772 2752 887 2827 poetas
911 2753 1034 2811 certam
1058 2766 1144 2824 esse3
1167 2745 1323 2810 Priscian.

174 2850 261 2913 enim
283 2847 408 2928 Perieg.
433 2850 494 2909 556
522 2846 672 2926 secanae
698 2851 779 2928 repet
811 2846 1009 2912 Proconesus
1042 2850 1075 2913 in
1107 2848 1166 2913 1115
1195 2854 1228 2912 51
1251 2847 1323 2913 Ual.

175 2951 282 3013 Flacc.
301 2949 350 3013 III
369 2954 409 3013 34
428 2948 558 3030 neloqne
576 2947 758 3013 Procneson
781 2947 911 3014 dixisse.
947 2950 1064 3016 deinde
1087 2950 1214 3033 aliquot
1235 2951 1324 3016 locos

175 3050 281 3133 affert,
316 3052 372 3116 ubi
406 3051 519 3116 littera
546 3071 568 3114 n
596 3056 671 3133 post
700 3051 771 3116 515
795 3052 1001 3118 substantiuo
1024 3055 1155 3118 nomine
1180 3053 1325 3138 ‘Pelopo-

174 3153 303 3219 nensus’
344 3161 377 3219 et
411 3155 582 3220 adiectiuis
617 3153 895 3237 ‘Peloponensiua
928 3191 971 3200 -
1004 3157 1122 3234 515555,
1158 3192 1199 3202 -
1232 3155 1326 3222 ensis'

176 3264 326 3340 apparet.
371 3258 430 3323 sed
459 3278 531 3321 cum
562 3256 644 3322 haec
666 3255 885 3323 Fleckeisenii
914 3261 1156 3336 commentatio,
1185 3260 1326 3326 fortasse

173 3366 306 3442 propter
334 3362 537 3443 paucitatem
571 3359 718 3425 locorum
748 3362 805 3445 qui
833 3361 1024 3443 afferuntur,
1059 3363 1232 3447 philologis
1262 3384 1327 3428 non

171 3462 252 3526 satis
275 3465 482 3546 persuasisse
505 3463 669 3543 uideatur,
701 3485 760 3546 ego
784 3486 907 3545 rursus,
938 3487 1023 3550 quae
1046 3472 1196 3532 ueterum
1219 3468 1252 3532 in
1275 3467 1327 3532 his

172 3565 281 3629 uerbis
305 3567 542 3650 orthographia
564 3566 673 3645 fuerit,
697 3589 858 3651 quaerere
881 3567 1034 3634 conabor.

258 3669 296 3732 In
319 3670 435 3746 titulis,
469 3669 681 3753 quiquidem
705 3670 811 3735 adhuc
835 3671 913 3736 editi
936 3672 1011 3750 sint,
1042 3673 1143 3737 semel
1167 3673 1326 3738 eiusmodi

172 3770 310 3835 uerbum
338 3772 511 3854 reperitur,
546 3773 580 3836 in
610 3772 724 3856 elogio·
745 3772 793 3837 Ti.
817 3773 938 3838 Plautii
961 3774 1095 3854 Siluani,
1129 3774 1326 3861 Uespasiani

173 3874 377 3956 temporibus
402 3875 509 3957 posito
535 3874 677 3956 (Gruter.
702 3880 775 3954 453,
801 3876 1325 3959 l.Orelli-Henzen1750),ubi

171 3982 223 4040 est
235 3975 439 4059 ‘Scytharum
462 3997 571 4059 regern
595 3998 615 4042 a
636 3975 833 4043 Oberonense'
852 3977 969 4060 (Orelli
984 3978 1217 4062 (1155555555),
1241 4002 1324 4065 quae

172 4084 224 4142 est
246 4078 334 4144 ultra
357 4079 606 4159 Borusthenem,
630 4080 799 4163 opsidione
824 4083 1004 4148 summoto’.

257 4187 294 4246 In
317 4182 486 4248 codicibus
510 4189 620 4247 autem
643 4183 724 4248 haec
748 4186 876 4250 inueni:

259 4283 324 4348 Cic.
349 4284 392 4350 ad
415 4286 481 4350 Att.
495 4284 538 4349 Vl
563 4289 592 4362 2,
616 4289 634 4348 3
658 4287 727 4351 cod.
753 4288 840 4353 Med.
858 4289 1134 4370 peloponnensios.
1170 4291 1204 4353 in
1215 4288 1324 4355 Pison.

173 4390 213 4448 86
247 4388 470 4452 cherronenses
504 4386 577 4471 (pro
607 4424 649 4433 —
670 4410 789 4456 555555
822 4390 864 4473 51)
901 4412 1012 4457 omnes
1047 4392 1151 4470 codd,
1185 4412 1323 4475 quorum

175 4496 282 4553 tamen
305 4490 414 4554 nullus
437 4512 461 4555 5.
485 4488 544 4554 XV
566 4493 730 4557 uetustior
754 4500 813 4558 est.
860 4495 900 4559 de
930 4494 992 4577 leg.
1018 4515 1085 4577 agr.
1111 4493 1142 4557 ΙΙ
1172 4498 1212 4558 50
1241 4494 1323 4559 eben·

172 4610 306 4655 nonense
334 4592 402 4658 eod.
427 4592 589 4674 Erfurdt.;
623 4593 677 4660 hic
701 4595 832 4678 Erlang.
857 4597 1066 4676 cbensonesso,
1100 4597 1134 4660 in
1164 4617 1228 4681 quo
1249 4617 1267 4661 5
1288 4606 1325 4662 51

1079 4699 1096 4751 2
