3068 5152
744 325 783 384 26

188 527 286 571 unam
320 509 480 573 rationem
516 517 646 573 secutus
681 515 786 583 esset,
823 508 984 573 Graecam
1018 531 1210 593 usurpasse,
1246 513 1341 574 cuius

189 608 322 686 formas,
353 616 390 675 ut
417 609 463 688 fit,
496 611 679 675 alibrariis
703 631 776 674 cum
799 611 923 676 Latinis
947 612 1110 676 interdum
1134 620 1341 695 permutatas

188 731 277 786 esse;
313 732 395 793 quae
426 714 535 796 opinio
559 713 641 778 bene
665 715 856 777 conueniret
879 715 978 777 etiam
1006 735 1078 778 cum
1108 716 1157 793 iis,
1192 735 1275 797 quae
1307 720 1343 777 et

190 813 230 876 de
265 816 333 878 suis
367 815 563 898 aequalibus
597 822 642 880 et·
669 815 708 878 de
749 817 894 899 proxime
934 816 1150 898 praecedente
1191 823 1341 899 tempore

189 915 411 994 Quintilianus
442 917 457 980 Ι
487 922 514 995 5,
540 921 579 982 63
613 918 728 982 tradit:
763 919 858 981 ‘nunc
892 919 1091 983 recentiores
1125 919 1342 983 instituerunt

190 1019 321 1084 Graecis
349 1021 536 1085 nominibus
560 1020 701 1085 Graecas
725 1019 961 1084 declinationes
993 1019 1091 1085 dare’.
1137 1042 1175 1085 ea
1198 1042 1249 1085 res
1274 1021 1341 1084 iam

191 1120 491 1201 aPconfirmat-ur3
515 1124 571 1207 qui
595 1124 710 1188 sinon
734 1143 861 1205 semper
879 1123 1020 1187 Graecos
1044 1125 1211 1187 nominum
1232 1124 1341 1188 exitus

186 1246 262 1289 esse
285 1224 386 1303 iubet,
423 1226 595 1290 ethorum
619 1246 790 1289 numerum
812 1226 859 1289 ita
888 1227 989 1304 auxit,
1023 1233 1061 1290 ut
1095 1226 1198 1291 multo
1229 1226 1341 1308 plures

189 1348 287 1410 quam
312 1327 422 1393 Latini
453 1329 528 1393 sint.
574 1328 667 1393 uelut
695 1327 756 1392 VII
784 1332 812 1404 5,
841 1333 879 1392 21
916 1335 1014 1393 antea
1047 1351 1086 1394 ex
1120 1329 1341 1393 deterioribus

188 1429 281 1494 libris
316 1431 362 1494 sio
396 1430 570 1495 edebatur:
604 1431 842 1513 Dataphernem
870 1438 903 1495 et
926 1428 1086 1508 Cateneoe,
1121 1437 1156 1494 at
1190 1433 1342 1513 proxima

145 1521 147 1525 ’
188 1533 396 1616 paragrapho
427 1534 659 1616 Dataphernen
693 1541 726 1597 et
758 1531 910 1612 Cotonea·
943 1555 969 1597 c.
994 1539 1022 1609 6,
1050 1541 1087 1597 14
1116 1534 1340 1617 (Spitamenen

188 1635 234 1716 et)
259 1635 427 1715 Catenene;
459 1635 536 1699 VIII
561 1643 588 1716 3,
613 1640 651 1699 16
675 1635 925 1718 Dataphernem
960 1642 987 1715 5,
1013 1641 1030 1700 2
1055 1635 1206 1701 Catenae.
1226 1680 1230 1695 .
1252 1657 1340 1700 nunc

189 1760 268 1802 uero
291 1740 323 1802 in
348 1739 372 1802 P
397 1761 525 1823 semper
549 1737 691 1804 Catenae
713 1740 860 1817 inuenio;
884 1740 994 1823 itaque
1019 1746 1052 1804 et
1074 1739 1136 1803 hoc
1157 1740 1282 1822 recipio
1306 1746 1341 1804 et

188 1840 248 1904 VII
283 1846 311 1919 5,
347 1847 384 1904 21
421 1840 888 1936 Dctopberaeanscrihendnm
923 1863 992 1906 esse
1027 1863 1152 1906 censeo.
1207 1844 1339 1908 omnino

188 1946 321 2009 nomina
342 1946 375 2009 in
399 1966 424 2024 e,
449 1966 492 2023 es,
518 1965 563 2017 as,
586 1945 614 2009 is
637 1946 670 2008 in
694 1946 896 2010 nominatiuo
920 1965 997 2008 casu
1019 1947 1172 2010 exeuntia
1190 1947 1223 2008 in
1243 1965 1339 2009 accu-

188 2049 294 2112 satiuo
319 2069 368 2126 en,
386 2070 448 2126 an,
476 2050 509 2111 in
532 2047 647 2114 fecisse
669 2058 758 2111 recte
782 2049 892 2130 putari
915 2056 1061 2131 possunt,
1106 2049 1205 2112 etiarn
1230 2048 1340 2113 Garun

187 2150 253 2213 IIII
267 2156 294 2229 5,
311 2155 348 2214 10
362 2171 434 2215 curn
447 2151 540 2215 codd.
555 2150 763 2215 scribendum
783 2157 849 2229 est;
872 2171 946 2213 nam
960 2150 1048 2214 hunc
1061 2171 1193 2234 quoque
1205 2171 1342 2216 accusa-

188 2255 293 2317 tiuum
333 2255 366 2318 in
407 2253 541 2318 Graecis
582 2253 713 2336 quidem
752 2253 862 2317 uerbis
904 2253 996 2316 multi
1038 2255 1236 2336 scriptorum
1275 2254 1340 2318 loci

188 2361 353 2419 testantur
376 2355 490 2438 (Neue,
514 2355 698 2441 Formenl.2
715 2354 808 2435 154),
832 2357 977 2439 itemque
1000 2355 1150 2420 Itinerar.
1164 2357 1338 2431 Alexandr,

188 2479 215 2522 c.
243 2462 290 2536 19,
318 2462 330 2520 l
358 2465 408 2524 est
430 2459 550 2523 Garun.
596 2479 654 2522 neo
684 2459 834 2539 genetiuo
868 2455 1010 2536 Curtius,
1048 2460 1075 2523 si
1109 2459 1241 2543 quidem
1276 2460 1339 2524 sibi

188 2561 343 2640 constitit,
366 2561 396 2623 X
419 2566 446 2640 6,
475 2565 511 2624 13
535 2561 696 2626 ‘Roxanes
719 2561 772 2624 uel
795 2560 970 2634 Barsinac’,
997 2562 1054 2626 sed
1078 2561 1117 2625 R.
1136 2583 1167 2626 11.
1180 2562 1341 2628 Barsines

189 2664 281 2742 dixit,
317 2663 358 2727 ad
383 2685 481 2746 quam
506 2653 764 2728 emendationem
789 2665 889 2728 etiam
913 2663 936 2725 P
960 2664 1105 2743 adiuuat,
1140 2667 1172 2728 in
1202 2687 1266 2749 quo
1291 2673 1340 2731 est
1440 2742 1442 2747 ¹

188 2765 320 2831 berriae.
388 2768 419 2830 in
460 2766 579 2849 plurali
615 2788 748 2832 numero
790 2769 821 2831 in
863 2769 1050 2831 accusatiuo
1090 2788 1167 2832 casu
1210 2790 1340 2852 semper

189 2870 336 2948 Threces,
373 2869 526 2952 Phrygem,
565 2869 734 2948 Octooaoe,
766 2869 987 2951 Paphlcqouca
1011 2872 1114 2934 simm.
1140 2879 1203 2951 est;
1239 2873 1340 2936 semel

190 2971 319 3037 Pericles
341 2971 386 3036 VI
410 2977 436 3052 3,
467 2976 495 3054 3,
526 2973 612 3056 quod
636 2974 700 3037 iam
722 2980 811 3036 recte
835 2974 1020 3055 corrigitur.
1066 2976 1143 3037 itern
1172 2984 1277 3052 antea,
1313 2976 1340 3039 si

189 3075 269 3138 bene
292 3078 472 3155 numeraui,
508 3077 631 3140 uiciens
660 3089 709 3139 ter
733 3076 934 3151 Macedo-noe,
965 3076 1100 3141 nouiens
1124 3077 1339 3155 Macedonem

189 3199 304 3243 uerum
328 3200 366 3242 ex
389 3178 440 3242 his
463 3179 542 3243 locis
565 3186 641 3257 trec,
660 3178 724 3242 VII
744 3182 773 3258 4,
798 3181 853 3256 aa,
879 3183 905 3255 6,
930 3183 965 3257 6,
991 3177 1066 3241 VIII
1084 3185 1113 3256 4,
1137 3183 1186 3257 27,
1211 3181 1276 3243 iam
1299 3203 1338 3244 ex

190 3280 214 3342 P
227 3282 315 3362 apud
329 3280 500 3363 Uogelium
515 3259 744 3357 emendantem
768 3281 801 3343 in
813 3279 949 3364 reliquis
963 3281 1077 3345 eadem
1095 3282 1199 3346 forma
1212 3284 1338 3347 coniec-

187 3391 263 3446 tura
291 3384 497 3448 restituenda
529 3386 621 3447 erit·
645 3384 679 3447 in
708 3382 864 3465 singulari
888 3380 1018 3447 Curtius
1049 3392 1082 3446 et
1106 3384 1282 3450 Macedone
1306 3394 1338 3450 et

188 3485 404 3562 Macedonem,
430 3485 642 3551 Parmeniona
665 3494 697 3550 et
720 3506 781 3549 -em
805 3487 926 3550 dixisse
949 3486 1089 3551 uidetur.
1194 3470 1198 3477 ⁴

274 3588 401 3666 Restat,
430 3595 468 3652 ut
496 3590 558 3654 hcc
582 3588 695 3653 eodem
719 3589 790 3653 loco
815 3589 875 3652 VII
899 3593 926 3667 5,
952 3594 989 3652 21
1016 3589 1105 3653 aliud
1129 3590 1281 3654 mendum
1304 3593 1338 3654 in

188 3691 318 3755 nomine
352 3689 481 3756 Ontonia
510 3692 632 3756 tollam.
678 3712 752 3755 narn
792 3690 916 3770 Catoni,
949 3714 1015 3756 non
1051 3691 1182 3756 ‘Catoni’
1218 3693 1337 3758 Persae

188 3814 304 3858 nomen
328 3792 434 3872 fuisse,
461 3803 493 3859 et
515 3816 555 3859 ex
577 3795 707 3860 Arriani
731 3795 831 3859 Anah.
853 3794 917 3858 IIII
941 3798 989 3872 22,
1017 3801 1029 3856 l
1056 3802 1088 3858 et
1112 3800 1129 3857 2
1154 3803 1282 3860 constat
1305 3804 1338 3861 et

187 3917 227 3960 ex
256 3897 407 3978 analogia
430 3897 566 3963 aliorum
588 3899 755 3963 nominum
779 3897 981 3962 Persicorum
1012 3898 1211 3979 colligimus;
1245 3899 1338 3962 uelut

188 3998 379 4077 Hcastunee,
415 3999 540 4078 Otonee,
577 3999 792 4077 Noburecnee,
828 3999 1051 4064 Satibarzanes
1074 4001 1162 4083 apud
1188 3998 1337 4065 Curtium

187 4102 405 4184 reperiuntur.
451 4104 508 4167 sed
542 4104 689 4186 plerique
721 4103 813 4167 codd.
840 4124 968 4185 semper
992 4101 1160 4179 ‘Catanen
1190 4103 1213 4166 P
1238 4105 1336 4170 semel

188 4203 265 4268 VIII
288 4209 315 4282 5,
340 4210 358 4269 2
386 4205 529 4284 Cotonea,
565 4213 598 4270 et
626 4206 706 4270 Bud.
731 4207 792 4285 bis,
828 4205 886 4269 VII
916 4210 943 4283 5,
975 4211 1010 4270 2]
1048 4210 1158 4281 1122,
1186 4205 1334 4271 Cotonea.

187 4308 338 4372 nimirum
362 4318 496 4392 propter
519 4309 763 4374 similitudinem
788 4309 923 4373 Latinae
948 4309 1037 4373 uocis
1057 4308 1193 4373 ‘catena'
1207 4307 1338 4373 Persica

187 4433 204 4476 e
233 4432 292 4492 pro
323 4434 342 4475 a
371 4413 508 4496 accepit,
545 4418 581 4474 ut
609 4412 686 4476 alibi
717 4413 750 4475 in
773 4412 823 4476 his
848 4411 1014 4475 codicibus
1038 4411 1151 4475 eadem
1175 4410 1214 4475 de
1238 4432 1337 4475 causa
