3068 5152
725 365 762 425 15

172 551 308 634 reliquis
343 550 510 616 codicibus
538 551 587 615 ita
609 549 771 614 Modianis
799 570 930 632 quoquc
948 549 1050 630 origo
1080 547 1179 611 fuerit
1206 566 1320 622 necne,

173 656 237 717 iam
273 654 447 718 diiudicari
480 675 545 718 non
569 672 663 736 posse
692 652 835 716 arbitror
864 657 897 715 et
924 671 1082 734 quaerere
1112 649 1321 732 supersedeo,

173 777 245 820 cum
274 757 437 839 scriptura
467 777 579 821 eorum
607 776 627 819 a
654 754 764 820 Modio
793 755 886 837 plene
920 759 1056 819 enotata
1088 764 1152 818 non
1186 755 1229 818 sit
1263 773 1322 816 nec

174 860 347 943 quicquam
372 881 411 924 ex
434 858 565 923 silentio
589 859 657 923 eius
681 857 875 922 concludere
899 856 1047 945 audeam.

259 963 375 1026 Restat
398 964 464 1026 iam
486 969 524 1026 ut
546 961 726 1039 ostendam,
751 961 813 1025 etsi
835 960 937 1025 Modii
960 961 1088 1025 codices
1111 960 1208 1025 hodic
1232 959 1321 1023 Pari·
1370 1022 1372 1027 ⁴

173 1065 264 1128 sinus
287 1085 389 1147 prope
412 1085 636 1148 superuacuos
659 1062 849 1141 reddiderit,
884 1062 1045 1146 quaedam
1068 1069 1177 1127 tamen
1201 1063 1233 1125 in
1257 1061 1322 1125 illis

172 1166 285 1245 inesse,
316 1188 400 1250 quae
429 1167 573 1249 aliquam
596 1167 774 1231 utilitatem
797 1202 839 1210 -
862 1166 930 1231 siue
953 1165 1044 1229 illam
1066 1187 1168 1249 usque
1193 1164 1235 1228 ab
1259 1165 1321 1228 ori-

174 1270 247 1350 gine
270 1269 417 1333 codicum
440 1270 597 1334 traditam
616 1270 685 1333 siue
704 1274 819 1352 postea
837 1268 1057 1334 emendatoris
1076 1290 1177 1351 opera
1194 1269 1321 1333 illatam

174 1371 381 1451 —habeant
404 1394 489 1457 quae
512 1373 629 1438 deinde
651 1372 815 1436 interdum
839 1393 878 1435 ex
901 1373 982 1455 ipsis
1005 1372 1070 1436 illis
1088 1383 1146 1436 aut
1162 1371 1323 1436 similibus

174 1474 267 1538 libris
289 1476 323 1539 in
346 1476 530 1554 secundam,
554 1496 651 1558 quam
672 1481 803 1554 uocant,
826 1475 976 1541 codicum
988 1474 1216 1539 Curtiancrum
1241 1474 1321 1539 clas-

175 1599 242 1642 sem
266 1578 446 1644 translatae
471 1580 545 1643 sint.
590 1579 683 1643 uelut
703 1594 713 1610 ⁸
847 1576 851 1583 ’

262 1681 326 1745 IIII
349 1686 377 1761 5,
401 1686 429 1761 9,
461 1682 518 1746 ubi
540 1683 573 1746 in
595 1682 620 1745 P
643 1688 678 1747 et
700 1682 902 1765 Zumptianis
931 1682 1074 1766 quinque
1105 1688 1155 1746 est
1188 1680 1225 1744 ab
1258 1679 1323 1756 illo,

178 1786 262 1864 quod
293 1790 464 1864 supererat,
498 1786 560 1849 iter
592 1789 745 1868 facturus
780 1806 838 1868 pro
868 1785 917 1849 his
947 1786 1121 1868 postremis
1151 1783 1263 1848 uerbis
1291 1784 1324 1847 in

179 1883 249 1950 Col.
275 1893 347 1951 erat
373 1887 613 1970 interfuturum,
647 1890 680 1952 in
704 1887 809 1970 Sigeb.
845 1895 957 1953 autem
989 1888 1204 1968 iuiertuluris,
1231 1884 1324 1969 quod

178 1989 418 2054 mutatiuncula
451 1991 602 2055 adhibita
635 2012 750 2059 uerum
784 1997 835 2055 est
869 1997 902 2056 et
934 1997 1022 2055 recte
1051 2011 1072 2053 a
1093 1989 1213 2068 Medic,
1249 1981 1325 2053 dum
1397 2042 1399 2045 .

177 2091 284 2155 locum
310 2092 357 2156 sic
380 2094 532 2158 emendat
555 2093 642 2170 bello,
673 2095 757 2175 quod
778 2099 949 2173 supererat,
981 2093 1200 2172 iulerluiurus,
1228 2113 1323 2156 usur-

178 2201 299 2276 patum.
346 2195 496 2259 similiter
518 2196 605 2261 Flor.
630 2198 657 2260 D
681 2196 706 2259 F
730 2196 746 2260 Ι
767 2196 828 2260 ilar
849 2200 990 2279 futurus

307 2302 335 2374 6,
359 2302 399 2361 26
418 2299 503 2363 Mod.
518 2300 591 2364 Not.
610 2323 641 2384 p.
661 2303 700 2362 49
720 2298 798 2365 ‘col
823 2306 856 2364 et
879 2321 969 2364 meus
982 2298 1068 2364 Buli’
1082 2305 1158 2381 post
1171 2296 1326 2361 uroricris.

179 2401 315 2464 candem
348 2401 442 2464 uerbi
476 2402 746 2487 orthographiam
780 2403 910 2467 Modius
945 2403 1044 2467 etiam
1079 2403 1158 2467 alibi
1200 2423 1329 2484 semper

179 2511 293 2567 contra
317 2524 428 2568 omnes
452 2505 613 2570 editiones
637 2514 670 2571 et
692 2506 822 2572 codices
846 2513 976 2571 nostros
1000 2507 1159 2588 sequitur,
1194 2513 1231 2569 ut
1259 2506 1329 2569 ueri

180 2607 283 2670 simile
306 2608 357 2684 sit,
379 2608 411 2670 in
436 2605 502 2672 Col.
528 2616 718 2674 constanter
740 2610 840 2675 fuisse
864 2608 971 2693 Balla,
1006 2630 1072 2672 non
1094 2610 1188 2672 utin
1212 2608 1328 2672 ceteris

180 2708 283 2773 Belia.
328 2709 417 2774 illam
452 2711 590 2776 formam
623 2718 732 2779 autem
765 2733 878 2777 ueram
906 2732 985 2791 esse,
1021 2733 1060 2776 ex
1089 2711 1218 2775 Arriani
1242 2712 1329 2774 Ana·
1358 2735 1361 2743 ·

182 2811 252 2875 basi
276 2818 309 2876 et
331 2812 505 2879 Itinerario
530 2815 706 2881 Alexandri
730 2816 859 2880 scimus
977 2831 980 2838 '

137 2948 141 2953 ·
266 2914 293 2977 V
318 2918 353 3009 3,
370 2919 405 2978 21
434 2904 519 2981 Mod.
539 2924 605 2982 not.
626 2941 657 3000 p.
671 2923 711 2982 80
736 2918 802 2982 ‘alii
825 2918 954 2983 codices
977 2917 1117 2999 coulecli,
1141 2917 1198 2981 alii
1221 2916 1328 2980 eiecli'.

180 3016 243 3081 hoc
265 3019 368 3081 nostri
392 3039 520 3099 omnes,
544 3021 599 3084 sed
624 3042 736 3084 uerum
762 3027 813 3085 est
834 3021 972 3086 couiecli.

267 3119 327 3183 VII
360 3127 389 3199 4,
427 3125 464 3184 17
497 3122 637 3205 forsilau
676 3125 832 3190 omittunt
870 3145 943 3189 cum
978 3123 1087 3188 Modio
1120 3123 1206 3187 Flor.
1241 3121 1265 3188 (l
1299 3123 1330 3188 H

182 3211 276 3288 Bern.
302 3224 337 3299 B,
372 3231 406 3287 et
432 3230 522 3289 recte
546 3225 688 3314 quidem,
721 3234 758 3292 ut
787 3229 913 3311 opinor.
958 3248 1054 3310 quem
1078 3228 1162 3292 enim
1186 3247 1330 3290 summus

182 3330 290 3390 terrae
324 3326 462 3391 alicuius
497 3329 649 3394 dominus
683 3331 787 3413 partis
822 3331 962 3415 regionis
991 3352 1069 3396 suae
1099 3350 1209 3411 regem
1243 3331 1330 3409 fecit,

182 3430 211 3492 is
244 3451 308 3494 non
342 3428 489 3511 forsitan,
524 3430 582 3496 sed
616 3439 704 3498 certe
735 3440 768 3499 et
797 3436 866 3500 sine
894 3434 962 3498 ulla
990 3434 1196 3499 dubitatione
1223 3435 1329 3498 iustus
1374 3459 1390 3475 ·

182 3551 239 3594 rex
262 3538 320 3596 est.

267 3634 344 3698 VIII
367 3641 396 3714 4,
421 3640 439 3699 5
463 3657 577 3701 uerum
602 3644 654 3702 est
675 3660 731 3704 uec
751 3641 888 3704 reliuere
917 3659 1006 3704 arrua
1039 3639 1160 3703 lubrica
1192 3638 1330 3720 ripcules

182 3757 295 3802 raauus
310 3744 470 3819 poteraut,
494 3761 513 3803 a
537 3761 600 3822 quo
619 3741 725 3823 Sigeb.
739 3741 877 3806 lubricae
898 3743 1038 3824 ripeulcs
1060 3742 1171 3825 paullo
1195 3743 1330 3825 propius

184 3840 279 3904 abest
301 3863 398 3925 quam
421 3842 446 3906 P
471 3841 606 3907 lubricae
629 3849 660 3908 el
680 3844 826 3926 ripcules.
861 3846 913 3911 hic
936 3848 1013 3911 item
1037 3846 1104 3911 Pal·
1132 3850 1145 3907 l
1171 3845 1297 3909 FlorD
1317 3843 1332 3906 I

184 3942 322 4009 lubricae
346 3944 399 4022 (—
422 3944 468 4025 ce)
492 3946 637 4028 riyeules,
660 3946 741 4013 Bud.
766 3947 882 4013 lubrice
905 3949 1067 4031 eripeulea

312 4053 340 4129 8,
367 4053 405 4113 10
428 4047 533 4130 Sigeb.
558 4051 594 4114 iel
615 4052 750 4129 quidem.
795 4051 861 4116 uid.
885 4072 985 4135 supra
1007 4075 1036 4136 p.
1064 4057 1111 4116 10.

314 4155 361 4228 14,
388 4155 425 4213 13
448 4150 473 4214 Ρ
495 4154 710 4234 mapuilualiui
733 4154 812 4219 Pori
830 4156 952 4219 adicere
968 4155 1136 4220 uidebatur
1156 4155 1253 4234 belua,
1276 4154 1333 4218 ubi

187 4251 265 4316 Pori
286 4253 371 4316 falso
395 4253 546 4318 additum
569 4255 715 4336 uidetur3
737 4279 842 4341 neque
866 4264 938 4323 erat
961 4259 994 4321 in
1011 4258 1210 4323 membranis
1222 4258 1332 4338 lllodii,

185 4356 276 4419 cuius
301 4355 403 4420 uerba
426 4356 620 4439 Not.p.157
643 4358 736 4423 haec.
750 4366 826 4424 sunt
843 4360 1061 4426 ‘membranae
1079 4362 1333 4443 Mapuiludiueur

184 4457 337 4538 adijeere'.
