3068 5152
716 384 756 446 77

289 574 316 649 1,
346 573 386 633 37
409 569 501 634 codd.
527 571 679 651 quomodo
697 569 797 650 icitur
814 568 926 633 Asiam
938 570 1032 635 etiam
1051 591 1120 634 cnm
1136 571 1304 634 natisioni-

158 670 263 736 orr'bns
295 672 462 737 subiecisti.
508 693 579 736 cum
609 672 741 736 ‘terram
771 671 929 736 subicere’
958 674 1022 736 nisi
1056 673 1178 753 datiuo,
1213 673 1306 738 uelut

159 774 310 852 ‘dicioni',
334 775 446 840 addito
470 775 587 839 Latine
610 796 674 838 non
699 775 837 854 dicatur,
860 796 941 840 uera
963 780 1014 839 est
1036 776 1158 841 codicis
1176 776 1305 840 Buden-

157 879 202 942 sis
230 879 416 943 emendatio
438 876 599 960 subepistr'.
644 898 728 960 quae
757 878 985 964 plerorumque
1012 880 1161 943 codicum
1189 880 1308 944 menda

158 1001 199 1044 ex
221 980 337 1046 erebra
358 980 544 1046 litterarum
563 1002 580 1044 c
600 986 633 1045 et
650 1000 671 1060 g
689 982 944 1045 commutatione
968 986 1041 1046 orta
1064 1003 1135 1046 esse
1159 981 1307 1062 uidetur,

158 1090 198 1148 ut
225 1084 258 1147 in
281 1083 374 1148 libris
397 1105 495 1148 manu
519 1085 651 1168 scriptis
675 1092 724 1148 est
747 1083 795 1147 ΙΙΙ
821 1089 846 1164 l,
874 1088 912 1147 12
937 1091 970 1148 et
995 1089 1033 1146 14
1056 1083 1223 1149 ‘cordium’
1247 1107 1305 1168 pro

159 1185 344 1266 ‘gordiam'3
373 1207 400 1250 c.
427 1191 475 1265 12,
501 1191 539 1250 17
564 1186 781 1267 ‘sisicambis’;
811 1187 884 1266 IIII,
910 1192 937 1266 7,
961 1191 1001 1252 23
1025 1187 1306 1268 ‘coacmentatus’3

159 1286 237 1352 VIII
260 1294 289 1370 4,
312 1292 353 1352 20
376 1288 507 1371 ‘Sages’.

288 1394 316 1470 2,
344 1395 381 1454 13
410 1391 502 1457 codd.
532 1392 632 1474 r'pr'tnr
661 1393 764 1456 decem
795 1392 913 1471 dicbus,
947 1393 1084 1458 manime
1117 1394 1160 1457 od
1191 1391 1304 1473 confur-

158 1495 308 1585 mandnm
329 1495 485 1574 pudorem
509 1497 595 1574 apua
615 1495 815 1560 Maracanda
837 1496 1041 1577 consumptis.
1086 1496 1306 1561 Alexandrum

159 1602 237 1678 post
254 1598 399 1661 occisum
411 1596 531 1661 Clitum
548 1605 661 1662 tantus
685 1619 813 1662 maeror
828 1599 1007 1682 ,pudorque
1030 1605 1170 1682 ceperat,
1192 1606 1229 1664 ut
1251 1599 1308 1663 diu

160 1699 264 1763 uitam
286 1700 395 1763 inedia
417 1700 511 1764 finire
541 1702 674 1784 cupiens
703 1702 759 1765 uix
787 1702 920 1766 tandem
949 1702 1100 1785 precibus
1129 1703 1307 1767 amicorum
1367 1743 1369 1746 <

160 1807 306 1866 mutaret
328 1802 511 1867 consilium.
556 1804 668 1887 itaque
692 1810 780 1868 certe
808 1827 874 1869 non
904 1804 947 1869 ad
976 1805 1240 1886 confirmandum,
1273 1805 1307 1869 id
1362 1847 1364 1853 -

161 1909 211 1969 est
233 1905 276 1969 ad
298 1905 481 1988 augendum
500 1906 656 1989 pudorem
679 1909 787 1990 spatio
811 1929 893 1990 opus
916 1914 997 1988 erat,
1021 1909 1078 1972 sed
1097 1909 1139 1973 ad
1162 1911 1307 1972 minuen-

161 2007 248 2073 dum.
290 2007 345 2073 liic
374 2029 503 2092 quoque
533 2010 634 2091 igitur
656 2011 810 2074 mendum
831 2012 919 2077 redit
942 2032 1040 2095 saepe
1063 2033 1084 2075 a
1106 2013 1229 2077 criticis
1251 2033 1308 2076 no-

160 2116 277 2191 tatum,
301 2109 511 2176 confusarum
532 2134 650 2177 uocum
676 2113 890 2178 confirmandi
907 2120 941 2179 et
958 2115 1192 2194 conformandi,
1214 2115 1307 2179 cuius

161 2215 426 2280 commutationis
454 2215 604 2299 exempla
631 2217 658 2280 si
687 2217 760 2300 quis
795 2223 942 2299 quaerat,
976 2217 1188 2283 inuenientur
1221 2217 1308 2301 apud

160 2316 305 2400 Maduig.
335 2319 378 2382 ad
407 2315 471 2382 (lic.
502 2319 571 2382 Fin.
601 2319 665 2383 IIII
688 2324 717 2400 2,
743 2326 760 2384 5
791 2326 824 2384 et
852 2320 957 2385 Gertz.
983 2321 1099 2386 Studia
1129 2319 1252 2384 Gritica
1274 2322 1307 2383 in

163 2417 306 2484 Senecae
330 2421 497 2505 Dialogos,
522 2443 552 2504 p.
577 2427 627 2484 61.
674 2423 716 2487 ad
739 2422 998 2502 conformandam
1019 2425 1119 2506 igitur
1141 2425 1308 2507 pudorem,

161 2520 224 2587 hoc
248 2524 362 2587 estad
386 2525 453 2589 uim
477 2525 546 2589 eius
570 2527 828 2608 temperandam,
851 2527 976 2592 diutius
999 2527 1087 2610 apud
1109 2527 1309 2593 Maracanda

161 2626 285 2690 restitit
315 2628 486 2707 exercitae,
520 2629 599 2711 quia
626 2635 660 2693 et
682 2629 887 2710 Macedones,
920 2651 961 2694 ne
984 2631 1086 2695 nimia
1108 2626 1311 2713 paenitentia

162 2727 306 2793 animum
336 2731 513 2795 Alexandri
543 2731 687 2796 desidem
717 2731 878 2813 redderet,
911 2732 1112 2797 uerebantur
1133 2767 1175 2777 -
1193 2733 1309 2814 itaque

34 2907 41 2914 ι
161 2831 219 2909 illi,
255 2853 320 2915 quo
350 2834 456 2897 minus
480 2834 589 2898 caedis
612 2835 759 2917 puderet,
794 2832 914 2899 Clitum
936 2838 1006 2900 iure
1029 2837 1172 2900 occisum
1195 2834 1310 2915 uideri,

164 2935 330 2999 sciuerunt
352 2961 408 3016 -;
431 2941 464 3000 et
486 2956 544 3000 rex
575 2936 683 3001 adhuc
710 2939 834 3002 recenti
864 2939 966 3003 caede
994 2939 1117 3021 pudore
1154 2938 1309 3003 confusus

163 3037 206 3102 ad
228 3037 347 3103 milites
369 3038 547 3122 procedere
569 3040 684 3104 noluit.

291 3145 320 3222 2,
343 3145 383 3204 26
406 3141 431 3205 P
450 3140 672 3221 telembcabant,
696 3143 798 3208 idest
819 3143 879 3208 tela
897 3142 1078 3225 emicabant,
1103 3143 1308 3226 quodetiam

164 3244 197 3307 in
221 3244 364 3309 editione
387 3245 489 3309 Medii
512 3253 546 3310 et
568 3246 680 3310 codice
702 3246 846 3311 Budensi
869 3247 1027 3311 inuenias.
1063 3247 1095 3308 in
1119 3247 1238 3312 ceteris
1261 3252 1311 3311 est
1353 3284 1356 3288 ι

165 3346 242 3411 ‘tela
264 3347 448 3413 micabant'.
483 3349 613 3414 litterae
637 3371 654 3414 e
677 3371 717 3414 ex
740 3371 779 3414 ae
803 3357 894 3415 ortae
918 3350 1101 3432 exemplum
1123 3350 1188 3414 iam
1211 3371 1311 3433 supra

163 3449 206 3514 ad
240 3448 300 3513 VII
334 3456 362 3529 7,
398 3456 436 3515 10
471 3450 775 3536 i‘temporelegere’)
808 3453 960 3518 uidimus.
1006 3452 1167 3516 emicandi
1200 3457 1309 3516 autem

164 3553 258 3617 uerbi
280 3553 367 3618 idem
390 3561 440 3618 est
462 3576 541 3619 usus
565 3555 652 3637 apud
673 3556 803 3620 Liuium
815 3555 1001 3620 XXXXIIII
1023 3559 1070 3637 10,
1093 3555 1219 3618 b‘saxis
1243 3561 1309 3619 tor·

163 3662 273 3720 mento
307 3656 534 3721 emicantibua’
568 3664 602 3722 et
633 3657 727 3723 Ouid.
757 3658 886 3722 Metam.
911 3657 938 3721 V
963 3661 1001 3721 07
1034 3658 1177 3722 ‘emicuit
1209 3679 1310 3721 neruo

164 3759 367 3842 penetrabile
401 3759 528 3839 telum’;
563 3766 596 3824 et
628 3762 718 3844 apud
748 3760 896 3825 Curtium
930 3761 1017 3824 inira
1049 3782 1077 3825 c.
1101 3766 1129 3839 4,
1160 3764 1178 3822 3
1213 3759 1311 3824 simili

164 3882 237 3925 eum
260 3863 294 3926 ui
316 3862 453 3927 uerbum
477 3862 572 3942 redit,
596 3864 654 3928 ubi
677 3866 725 3929 ita
747 3871 813 3928 est:
838 3863 889 3928 ‘ab
913 3866 1000 3928 omni
1018 3872 1111 3947 parte
1129 3863 1211 3927 caeli
1232 3864 1310 3926 emi-

162 3985 238 4028 care
260 3964 409 4046 fulgura'.

292 4073 320 4148 2,
345 4072 386 4132 28
408 4069 523 4151 uulgo:
547 4074 576 4133 ct
597 4070 662 4149 naso
685 4070 809 4151 qnidam
821 4067 1019 4134 Sisimithres
1043 4067 1232 4132 deditionem
1255 4068 1309 4131 aot·

162 4169 283 4251 nuebut,
312 4173 346 4236 in
374 4192 438 4255 quo
462 4172 664 4236 certissimus
688 4171 900 4236 soloecismus
923 4180 981 4236 eet.
1026 4191 1202 4252 numquam
1225 4172 1310 4234 enim

162 4274 252 4354 alibi,
276 4280 313 4340 ut
336 4275 458 4357 opinor,
482 4274 634 4339 ‘adnuere
659 4274 844 4355 consilium,
865 4274 1036 4340 rationem’
1050 4274 1164 4337 Latine
1182 4274 1312 4353 dicitur,

162 4398 237 4442 raro
261 4378 416 4442 ‘adnuere
443 4378 511 4442 rei'.
556 4376 614 4441 sed
642 4378 675 4442 in
697 4377 722 4440 P
746 4384 779 4442 et
801 4376 869 4442 Pal.
897 4383 910 4440 l
937 4376 1200 4461 editionibusque
1232 4398 1311 4441 non-

163 4480 261 4545 nullis
294 4481 473 4559 ueteribuS,
508 4481 600 4546 uelut
623 4501 721 4563 quam
745 4487 880 4564 propter
903 4480 980 4545 boni
1003 4480 1165 4544 interdum
1189 4480 1311 4544 codicis

162 4585 304 4667 uestigia
326 4584 459 4667 saepius
482 4585 659 4662 nominaui,
687 4584 841 4662 Merulae,
871 4580 1020 4649 abnuebat
1042 4589 1100 4662 est,
1135 4583 1224 4665 quod
1246 4603 1312 4648 non
