3068 5152
751 368 768 427 3

183 553 265 617 turis
301 554 385 618 sumi
420 558 541 635 posset,
584 553 639 617 sed
680 553 778 616 etiam
798 553 845 616 in
880 553 1070 635 deprauatis
1104 551 1330 636 mutilatisque

181 656 310 735 lateret,
346 655 500 719 ostendit.
545 655 586 718 in·
608 655 705 719 huius
735 660 850 737 postea
879 656 1029 738 uestigiis
1064 675 1137 719 cum
1171 655 1227 720 alii
1261 661 1332 720 tum

183 759 322 822 maxime
345 757 503 840 Uogelius
526 757 718 822 insistentes
742 758 845 822 multa
868 764 901 822 et
925 758 1096 842 praeclara
1124 758 1172 823 illi
1200 759 1333 843 quidem

183 884 220 924 cx
240 862 334 925 nouis
355 862 458 943 copiis
478 860 668 938 hauserunt,
693 862 751 925 sed
771 862 1332 952 1111111111111111111111111111,

182 987 263 1044 cum,
296 985 494 1047 quamquam
517 964 663 1028 codicem
687 985 765 1046 prae
789 966 907 1029 ceteris
930 963 994 1028 fide
1017 964 1153 1046 dignum
1174 965 1333 1041 iudicant,

183 1076 289 1130 tamen
330 1067 493 1131 interdum
535 1068 717 1151 scripturae
757 1068 828 1133 eius
868 1067 1076 1149 neglegentia
1109 1068 1258 1133 deterriti
1292 1067 1334 1132 ad

183 1176 314 1234 ueteres
338 1169 411 1234 illos
434 1171 577 1253 Zumptii
604 1169 707 1234 libros
737 1169 963 1237 reuoluuntur.
1009 1170 1092 1234 haec
1125 1190 1198 1235 cum
1227 1192 1334 1235 meum

183 1294 314 1355 quoque
343 1273 487 1338 animum
521 1272 754 1352 aduertissent
788 1294 857 1337 rem
885 1274 954 1356 ipse
983 1279 1129 1339 tractare
1161 1294 1335 1356 aggressus

183 1383 259 1440 ante
302 1377 410 1440 omnia
442 1397 564 1440 nouum
599 1375 742 1440 codicem
776 1377 856 1441 meis
892 1377 994 1443 oculis
1027 1378 1189 1461 inspicere
1223 1378 1335 1455 statui,

184 1479 281 1544 aliter
308 1478 440 1558 librum,
474 1480 502 1544 si
530 1469 615 1543 u'nus
638 1500 655 1544 e
679 1479 789 1543 multis
812 1486 995 1564 putaretur,
1030 1481 1211 1545 examinari
1234 1486 1336 1558 ratus,

184 1584 279 1648 aliter
302 1583 329 1646 si
352 1583 504 1665 optimus.
539 1583 661 1647 contuli
684 1584 785 1663 igitur
807 1591 883 1648 ante
906 1585 966 1648 hos
989 1604 1112 1666 paucos
1135 1605 1239 1650 annos
1263 1605 1335 1649 cum

183 1685 384 1751 Hedickiano
407 1685 564 1769 exemplo.

269 1788 436 1853 Parisinus
466 1794 524 1867 est,
558 1795 595 1853 ut
624 1789 700 1865 dixi,
736 1789 954 1855 bibliothecae
984 1791 1127 1855 nationis
1157 1790 1336 1871 Gallorum,

184 1893 215 1955 in
237 1912 301 1974 qua
318 1912 452 1956 numero
473 1894 719 1969 amoneretur,
742 1893 1012 1958 membranaceus
1036 1915 1134 1958 senex
1151 1895 1217 1958 iarn
1235 1915 1336 1976 prope

105 2071 108 2077 ,
185 1995 272 2059 mille
306 2015 474 2058 annorum.
519 2015 595 2058 nam
624 1995 666 2059 ad
696 1995 854 2060 decimum
882 1997 1049 2061 saeculum
1078 2017 1174 2060 aerae
1204 2003 1337 2063 nostrae

184 2098 288 2162 iniens
312 2104 369 2162 aut
392 2096 529 2162 fortasse
553 2097 595 2161 ad
619 2100 729 2163 exiens
752 2121 873 2164 nonum
897 2100 987 2181 origo
1011 2100 1081 2163 eius
1104 2100 1219 2164 referri
1239 2121 1336 2183 posse

185 2201 325 2265 uidetur.
370 2200 442 2278 hoc,
478 2201 505 2266 si
533 2222 572 2266 ex
600 2201 784 2266 litterarum
812 2202 917 2267 forma
946 2209 982 2267 et
1007 2202 1207 2285 compendiis
1236 2204 1336 2285 scrip-

184 2308 280 2367 turae
313 2311 406 2367 aetas
434 2302 511 2368 libri
543 2304 744 2368 aestimatur.
788 2304 878 2370 aliud
908 2311 941 2369 et
964 2306 1181 2370 certissimum
1206 2306 1336 2388 quidem

185 2406 417 2484 testimonium,
451 2428 517 2470 non
544 2412 622 2472 ante
652 2407 794 2470 medium
822 2429 944 2473 nonum
974 2409 1139 2472 saeculum
1169 2415 1336 2473 exaratum

186 2529 267 2587 esse,
291 2510 324 2572 in
348 2511 452 2591 prima
476 2508 598 2573 codicis
621 2510 742 2592 pagina
764 2511 935 2593 reperitur.
978 2511 1024 2575 ibi
1047 2512 1131 2574 enim
1154 2510 1337 2575 uncialibus

185 2611 304 2676 litteris
326 2612 408 2676 haec
431 2613 555 2695 scripta
576 2618 669 2678 sunt:

280 2802 282 2807 ’
339 2818 476 2883 Haimus
499 2819 687 2884 monachus.
711 2819 773 2884 hoc
796 2820 947 2884 uolumen
970 2819 1087 2885 histori

341 2942 435 2984 arum
458 2921 627 2986 alexandri
650 2924 759 3002 magni
781 2924 814 2987 in
838 2922 930 2986 libris
954 2922 1030 2987 VllI
1054 2918 1172 2986 domno

341 3021 527 3090 Chuinrado
551 3023 772 3089 illustrissimo
797 3026 905 3090 comit'

292 3160 294 3166 ·
341 3127 439 3191 dedit.
463 3132 501 3191 ut
523 3127 593 3209 ipse
616 3128 831 3192 accomodare
855 3129 886 3192 ei
909 3128 971 3209 dig.

342 3236 439 3296 netur
462 3222 698 3314 expositionem
722 3230 879 3296 Hrabani.

340 3336 373 3398 in
396 3333 482 3399 libru
505 3335 737 3400 ecclesiasticis
761 3335 802 3399 ad
826 3340 911 3399 tran.

342 3436 526 3503 scribendu.
551 3439 642 3503 cuius
666 3439 800 3503 exordiri
823 3444 882 3503 est.

310 3546 312 3552 '
340 3551 421 3604 ornis
444 3542 616 3624 sapientia.
640 3562 661 3606 a
683 3541 747 3606 dno
771 3542 812 3606 dc
836 3547 896 3606 est.
1192 3558 1196 3583 ¹

273 3748 328 3812 ille
350 3746 488 3812 Haimus
517 3753 550 3812 et
578 3744 786 3813 Ghuinradus
817 3749 873 3829 qui
901 3745 1022 3810 fuerint
1050 3767 1158 3829 quoue
1191 3751 1338 3829 tempore

189 3852 339 3930 uixerint‚
375 3871 449 3915 cum
472 3849 598 3915 Galliae
628 3857 661 3916 et
689 3851 844 3916 Heluetia
873 3850 971 3914 etiam
1001 3870 1059 3932 per
1088 3850 1238 3931 proxima
1266 3856 1339 3932 post

189 3953 342 4018 Carolum
364 3973 517 4035 magnum
536 3953 667 4018 1111111
685 3954 833 4037 plurimis
851 3953 977 4018 Haimis
995 3953 1164 4016 monachis
1184 3958 1217 4017 et
1230 3951 1339 4017 Chun-

187 4058 278 4122 radis
308 4057 481 4122 comitibus
508 4057 650 4122 refertae
678 4057 752 4136 sint,
786 4055 893 4122 adhuc
921 4056 1044 4120 frustra
1073 4055 1206 4121 definire
1230 4077 1337 4120 conor.

189 4167 224 4224 at
235 4160 420 4239 Hrabanus‚
445 4160 536 4224 cuius
556 4161 808 4224 commentarios
826 4159 1004 4223 monachus
1021 4159 1205 4223 describere
1223 4159 1338 4247 uoluit,

190 4263 362 4327 Hrabanus
385 4262 521 4327 Maurus
549 4269 608 4341 est,
631 4262 686 4326 ille
709 4261 829 4327 nobilis
852 4261 950 4326 medii
975 4263 1048 4325 aeui
1072 4263 1214 4344 scriptor
1237 4259 1339 4324 eccle-

189 4366 349 4445 siasticus,
372 4365 429 4447 qui
448 4365 629 4449 imperante
642 4364 808 4429 Ludouico
821 4364 879 4429 Pio
892 4362 1003 4428 floruit
1015 4368 1048 4428 et
1060 4385 1144 4428 anno
1157 4360 1339 4427 DCCCLVI
1358 4362 1360 4367 ’

190 4473 336 4532 mortuus
360 4488 432 4532 esse
456 4467 585 4532 dicitur.
621 4469 690 4531 cius
714 4467 873 4550 expositio
896 4468 929 4531 in
952 4467 1187 4532 Ecclesiastem
1210 4465 1252 4530 ab
1275 4465 1339 4531 illis

189 4571 269 4654 ipsis
292 4571 412 4645 uerbis,
437 4592 522 4653 quac
545 4570 679 4635 Haimus
703 4569 798 4636 affert
817 4569 953 4652 (Omnis
977 4571 1141 4653 sapientia
1164 4569 1338 4634 aDominc

1078 4672 1108 4722 l*
